3518 4596
530 327 686 418 adrem
702 327 969 426 Herbarr'arrr.
1272 353 1349 447 ss9

137 525 295 641 paterno'
315 527 352 602 in
375 547 480 620 nue,
506 523 607 618 vitoe,
639 523 813 628 viduique
838 523 1028 606 necessaria
1058 529 1187 632 quaerit.
1238 531 1348 622 Nam,

188 643 253 721 ut,
710 689 713 696 .

135 647 192 726 ως
273 728 390 824 Neque
414 727 574 800 excitetur
593 725 712 818 claffiro
727 729 816 800 miles
830 730 933 820 truci,

323 827 442 920 Neque
457 823 564 898 horrus
581 827 704 898 iratum
720 847 818 898 maru.

266 923 441 1019 Forumque
454 929 565 1014 uiros,
589 923 631 1004 {9²
638 921 779 1018 strperbu
794 927 823 996 ci
834 927 926 996 vium

321 1021 541 1096 Potentiorum
556 1023 682 1096 limina.

271 1125 361 1218 Ergo
379 1137 439 1194 aur
455 1124 570 1194 adulta
587 1122 707 1194 virium
716 1126 905 1218 propagine,

318 1218 418 1292 Altos
436 1226 575 1294 maritas
588 1223 725 1314 populos.

271 1319 467 1415 Irurilrsqur
477 1318 568 1412 folco
583 1340 688 1390 rumor
703 1334 893 1414 amputans,

324 1421 492 1492 Feliciores
509 1414 629 1509 ilrsorit.

144 1533 149 1544 ’
270 1520 365 1594 Hine
385 1539 481 1613 quum
496 1517 641 1589 decorum
656 1517 788 1588 mitibus
796 1519 900 1614 pomis
916 1531 1032 1611 caput,

322 1621 512 1691 Autumnus
527 1619 620 1688 aruis
636 1618 764 1687 extulit.

272 1717 321 1787 Ur
333 1717 423 1813 gaud
427 1729 457 1787 es
466 1721 484 1789 l
508 1717 644 1810 infilius
659 1715 818 1810 decerpens
829 1733 931 1809 pyra,

323 1814 567 1895 Cortuosam&
585 1837 687 1886 uuam
698 1835 863 1911 purpure.
1134 1899 1137 1909 λ

130 1905 238 1997 Mihi,
265 1909 500 1986 humanilsnni
523 1910 718 2002 auditores,
744 1909 780 1986 in
794 1936 833 1988 re
849 1907 1044 2008 proposita,
1066 1932 1137 1986 nec
1153 1909 1286 1987 editum
1309 1915 1361 1990 di-

130 2005 254 2082 vinitus
278 2013 460 2086 oraculum
478 2009 707 2108 spernendum
725 2006 793 2102 est,
821 2035 889 2086 nec
906 2010 1071 2106 bpoe'tica
1084 2029 1203 2085 tamen
1220 2012 1361 2088 levitate

127 2107 260 2200 pondus
286 2109 591 2208 conquirendum,
616 2131 654 2183 ut
673 2107 878 2201 ostendam,
903 2133 973 2184 non
995 2109 1115 2204 aliam,
1142 2110 1232 2186 inter
1246 2131 1360 2185 exter·

128 2227 172 2278 na
195 2202 234 2279 du
262 2209 423 2300 fortuita,
453 2207 641 2307 ingenuam
665 2207 793 2306 magis,
815 2209 1027 2307 homineque
1045 2209 1184 2306 dignam
1205 2211 1361 2306 volupta-

130 2307 310 2402 tenelle,
336 2312 440 2407 qubm
452 2333 525 2406 quae
548 2333 593 2383 ex
603 2307 757 2404 stirpium
774 2309 1036 2406 plantarumque
1056 2309 1149 2382 cultu
1161 2309 1197 2383 in
1210 2309 1361 2384 eundem

126 2406 313 2485 redundat.
366 2409 476 2500 Qudd
492 2405 578 2482 mihi
604 2408 798 2508 quidem-ut
816 2406 977 2482 evincam
993 2407 1091 2481 sacile
1109 2406 1234 2498 suerit,
1259 2407 1362 2482 fibe-

128 2506 331 2582 nevolentia
349 2503 600 2598 vestra,veluti
611 2505 764 2605 zephyro
780 2507 949 2582 blanditer
968 2505 1136 2602 aspirante
1150 2508 1248 2598 ,uela
1260 2529 1360 2582 men-

127 2602 168 2679 tis
189 2629 302 2697 mee,
330 2605 539 2702 conatusque
560 2606 821 2703 promovebitis.

176 2705 294 2796 Nam,
319 2725 358 2778 ut
379 2705 461 2780 inde
479 2705 614 2794 ordiar,
639 2705 730 2778 haud
749 2703 849 2778 sacili
862 2701 1128 2779 denotationem
1144 2703 1243 2780 aliam
1260 2727 1361 2800 repe·

128 2801 244 2896 riatis,
271 2803 428 2901 inquam
449 2807 491 2880 ab
512 2803 609 2877 omni
626 2823 784 2878 aevotam
804 2801 927 2900 cupide
947 2802 1153 2878 consenserit
1172 2803 1361 2878 humanum

129 2925 256 2999 genus:
287 2905 411 2978 arcani
441 2903 610 3002 quadam,
637 2903 830 3003 eademque
850 2902 1034 3002 congenita
1054 2901 1109 2992 ui,
1134 2921 1205 2976 tam
1225 2903 1362 2998 civiles,

128 3005 232 3098 quim
258 3006 425 3078 barbaros
445 3003 578 3076 animos
595 3002 639 3077 ad
656 3001 835 3078 hortorum
850 3000 1000 3077 {ludium
1022 2999 1187 3092 suaviter,
1212 3025 1281 3076 nec
1297 3001 1363 3074 mi-

130 3121 188 3174 nus
199 3101 407 3176 efficaciter
428 3101 640 3198 impellente.
693 3104 813 3178 Sacras
832 3099 995 3192 lustretis,
1020 3125 1063 3174 ac
1082 3099 1243 3197 ptosanas
1259 3095 1363 3178 histo-

128 3197 216 3294 rias,
245 3199 285 3276 dt
305 3201 431 3298 liquide
453 3199 640 3292 constabit,
667 3201 763 3276 simul
781 3225 861 3277 cum
878 3206 964 3278 orbe
980 3221 1082 3290 nato,
1097 3197 1364 3280 narosellebor-

129 3313 206 3392 tos,
235 3323 429 3397 eorumque
449 3300 648 3398 sepimentis
662 3300 853 3375 libenterse
873 3299 1041 3388 clausisse,
1055 3323 1126 3374 non
1142 3296 1278 3374 illustria
1288 3315 1364 3370 tan·

132 3411 206 3472 tum
228 3401 363 3496 capita,
389 3418 423 3473 at
448 3423 493 3474 ue
515 3397 678 3473 inter'illa
695 3398 914 3494 philosophos
936 3397 974 3472 dt
996 3400 1126 3498 egregii
1142 3397 1269 3496 publici
1285 3419 1366 3474 mo·

132 3491 333 3589 deratores3
362 3425 566 3574 sedlnmile
583 3499 714 3598 pariter
727 3499 865 3595 vulgus,
891 3497 929 3574 dt
948 3497 1363 3596 quotquotfimpliciores,

132 3615 200 3670 nec
221 3597 413 3672 ambitione
433 3600 523 3671 mala
548 3597 719 3674 fascinata
739 3617 876 3672 mentes
894 3597 1011 3674 suere..
1055 3599 1154 3686 Quid
1178 3599 1271 3674 enim
1297 3597 1363 3672 sm·

134 3697 237 3785 gulari
260 3721 342 3771 cura
368 3717 437 3772 non
458 3697 745 3796 prosequerentur
765 3721 825 3788 ea,
853 3723 925 3798 qua:
942 3721 1012 3772 non
1034 3697 1070 3773 in
1091 3697 1187 3774 cibos
1206 3717 1361 3795 tantum,

133 3791 192 3868 sed
210 3796 318 3870 etiam
333 3795 489 3871 ciborum
505 3796 608 3874 suave
629 3799 890 3874 condimentum
910 3799 1092 3875 cedebant.
1144 3801 1223 3874 Non
1240 3821 1363 3874 recena
1458 3861 1463 3871 .

127 3889 208 4002 sebo
228 3894 398 3994 pretiosas
416 3897 579 3972 Indorum
599 3923 756 3990 merces,
781 3899 897 3998 piper,
918 3901 1175 4000 carpophyllos,
1200 3920 1361 3988 marem,

130 4009 414 4092 cannamomum,
439 3997 510 4074 fine
537 3998 657 4098 quibus
677 4000 818 4098 opipare
837 4002 897 4079 vix
917 4001 1073 4104 degitur,
1101 4003 1230 4100 aliaque
1248 3999 1363 4072 exoti-

1305 4119 1356 4171 Gai
