3518 4596
210 355 588 446 prosarium.
638 313 1199 462 morimundum.
1249 389 1323 477 «ῃ
1385 333 1405 380 ²

111 554 272 648 «deoque
291 542 384 621 testae
396 541 561 642 lapidisve
570 545 767 645 fragmento
783 549 952 624 corticem
975 547 1201 630 dividendum
1223 554 1323 638 stilla

109 649 266 727 tradidit
316 645 385 724 Sed
406 643 481 719 hue
500 647 545 722 de
569 647 694 721 tenella
714 647 830 744 qlantl
847 645 1005 746 atquein
1031 649 1142 728 alieno
1162 653 1233 732 solo
1250 657 1323 736 lun·
1356 659 1359 686 ¹

108 747 246 850 gnidius
263 745 392 835 adulta,
418 743 577 820 habenda
589 745 680 822 sunt:
710 746 879 822 nonittrn
900 747 945 822 de
965 745 1128 847 indigena
1143 753 1216 845 illu,
1231 779 1322 852 quae-

106 873 179 946 que
202 845 317 918 valida
328 843 403 941 jam
418 840 523 940 stirpe
540 852 667 918 terrim
680 843 828 942 patriam
846 845 1028 941 complexa
1045 845 1105 924 est
1156 849 1262 932 Hanc
1282 878 1321 932 e,

107 947 184 1020 nim
201 944 332 1019 ferrum
353 964 423 1015 nun
449 942 694 1033 reformidare,
718 965 787 1018 nec
805 942 918 1039 duritu
933 941 970 1018 in
987 945 1246 1041 compescendis
1266 973 1321 1026 ra·

106 1043 176 1118 rnis
194 1039 378 1118 fluentibus
396 1039 598 1138 imperium,
623 1041 757 1118 abunde
784 1041 872 1118 milti
897 1043 1142 1120 confirmarunt
1160 1048 1321 1138 Arabes,

106 1142 167 1240 qui
185 1143 309 1214 horum
321 1137 431 1212 fasces
443 1139 594 1237 integros
611 1141 762 1237 Cryrum
779 1141 950 1218 deferunt.
984 1140 1099 1236 Atque
1118 1142 1185 1220 huc
1206 1143 1321 1238 respe-

105 1239 194 1316 xrffe
210 1235 637 1332 videtumTheophrastuu,
667 1237 721 1334 qui
741 1241 822 1328 liuzi
837 1243 986 1334 allique,
1012 1239 1177 1334 unguibus
1199 1240 1322 1318 ferreis
1485 1267 1490 1277 ’

104 1339 310 1415 incisionem
332 1333 484 1408 caudicit
497 1332 623 1408 fastam
636 1333 808 1430 prodidit3
822 1357 926 1434 quem
945 1333 1093 1431 sequitur
1113 1337 1169 1433 qui
1185 1338 1230 1412 de
1242 1339 1322 1416 fim-

103 1438 250 1535 pllciutn
269 1431 608 1512 Medicamentotum
634 1431 849 1508 facultatium
881 1431 1014 1529 seriplit
1038 1433 1203 1512 medendi
1230 1434 1323 1514 Prae-

102 1553 243 1632 ceptor.
293 1531 375 1606 Non
393 1549 510 1604 tamen
525 1528 786 1606 existimandum
803 1528 871 1619 est,
896 1530 987 1628 quod
1006 1530 1203 1627 Memphim
1220 1536 1323 1612 exn.

102 1632 205 1708 rabia
219 1627 381 1730 lagenulis
397 1628 592 1724 utribusque
606 1628 714 1723 plenia
733 1627 914 1704 advehitur
922 1626 1321 1728 Rufinumquantum-

101 1732 158 1806 uin
174 1727 293 1803 odoris
308 1725 475 1800 suavitate
495 1727 631 1827 gratim
648 1724 837 1802 admodum
852 1725 916 1817 fit,
939 1724 1130 1804 linceriorit
1151 1730 1324 1806 concreti-

102 1830 180 1904 onis
203 1825 417 1923 lachrymam
435 1822 515 1899 elle
565 1823 751 1902 Minimum
771 1823 934 1922 equidem
950 1826 1025 1923 ejus
1043 1847 1089 1902 ex
1101 1826 1201 1926 plaga
1215 1826 1321 1904 curti·

103 1929 156 2003 cis
175 1921 336 2000 destillat:
361 1921 514 1996 maxima
532 1945 611 2018 part
639 1921 722 2020 ligni
742 1922 984 2022 frondiumque
1005 1921 1212 2002 dncudlione
1234 1945 1319 2000 cnu-

101 2027 218 2100 flatur.
237 2079 239 2087 .
269 2021 394 2117 Neque
414 2019 485 2120 ipsa
502 2039 621 2096 tamen
639 2020 717 2095 satis
736 2019 1046 2117 ildimundum,
1069 2020 1131 2100 sed
1146 2022 1320 2104 Terebin-

102 2126 207 2200 thinae
223 2117 360 2218 Cypria
375 2117 539 2192 adulterio
556 2119 755 2216 plenumque
773 2118 894 2194 vitiata
911 2117 973 2196 nst.

525 2324 604 2416 Ad
626 2327 730 2410 idem
759 2324 907 2436 Caput.

101 2551 211 2730 M
225 2549 395 2624 ahornetis
418 2547 653 2646 sepulchrum,
679 2551 772 2648 cujus
799 2547 959 2624 meminit
984 2545 1129 2646 Prosper
1148 2549 1316 2650 Alpinus,

160 2731 162 2738 χ
238 2648 293 2722 alii
310 2647 368 2722 sub
385 2646 518 2724 fornice
536 2645 656 2742 templi
678 2649 697 2719 i
713 2666 875 2744 magnete
895 2645 1101 2742 pendulum,
1126 2645 1180 2721 alii
1196 2647 1309 2723 firlmi·

97 2765 148 2818 ne
170 2746 213 2820 ad
234 2745 363 2824 inferos
381 2743 540 2828 adailum
563 2745 666 2856 vulgo
690 2741 948 2854 persuaserunt,
971 2742 1082 2820 forsan
1106 2743 1188 2820 odiu
1205 2745 1318 2844 magis

97 2841 292 2942 religionis,
317 2865 419 2942 quam
436 2840 546 2918 studio
560 2858 727 2917 veritatis.
777 2841 998 2916 Contrarium
1017 2841 1122 2914 tradit
1134 2843 1316 2918 hominurn

95 2942 280 3111 quotannis
304 2963 349 3016 ex
367 2939 560 3016 Medinain
581 2941 778 3038 AEgyptum
798 2936 1015 3014 redeuntium
1032 2935 1315 3014 constantiffimut

113 3062 230 3131 erma,
254 3037 294 3115 dt
313 3057 454 3135 recepta
472 3061 553 3112 curn
573 3034 730 3134 expresso
745 3039 973 3112 monumento
992 3055 1066 3112 tem
1091 3033 1113 3109 li
1135 3036 1239 3111 totius
1256 3059 1314 3110 ac·

97 3139 248 3216 curatior
264 3135 520 3250 ichnographia.
570 3133 774 3211 Extrudlurn
790 3134 827 3209 id
820 3135 937 3306 Horta
956 3157 1036 3210 cum
1054 3057 1183 3225 decri,
1207 3155 1315 3232 gene-

95 3235 195 3334 rique
217 3233 420 3348 l'epulchtrs,
446 3221 607 3330 simplici,
631 3233 691 3308 sed
704 3233 819 3329 pretio
833 3255 856 3306 o
872 3233 996 3336 lapide.
1023 3229 1168 3330 Triplici
1184 3229 1315 3341 deinde

94 3333 254 3433 quadran
278 3331 423 3408 ambitus
443 3329 541 3428 septo
563 3330 734 3408 munitum
761 3326 841 3422 est,
875 3353 1017 3430 quotum
1039 3329 1131 3429 quud
1154 3327 1315 3431 proxim&

92 3427 292 3509 conditoria
320 3429 375 3504 cin
401 3429 446 3520 it,
471 3427 657 3506 humilioris
684 3425 865 3509 ſtruiturae.
916 3427 1151 3509 Adamantent
1179 3426 1314 3504 interut

94 3525 188 3604 muri
205 3525 298 3642 facie
326 3455 489 3640 intimum
508 3527 685 3642 continet,
711 3547 814 3630 quern
831 3519 987 3638 omniunt
1012 3547 1102 3641 quos·
1115 3522 1162 3602 sol
1185 3523 1314 3616 ridet,

93 3623 1209 3834 ltrllllll:⁶lllnl2lllulltltlllllnl‘lll
1224 3624 1312 3796 {fil

95 3844 307 3936 ceptorum,
339 3823 446 3900 veluti
474 3819 597 3901 caelelli
628 3821 673 3896 lul
698 3845 758 3896 ore
783 3823 930 3922 jacentus
956 3817 1166 3934 Mammeos
1193 3839 1311 3930 arcam

139 3919 333 4098 dbtnpere.
385 3921 632 4012 Intermedium
668 3937 806 4018 epturn,
832 3943 913 3994 auro
931 3935 1143 4020 gemmisque
1164 3913 1310 4014 splendi-

120 4045 178 4104 utn
197 4045 244 4098 ue
257 4045 316 4098 um
332 4041 487 4100 exornat
528 4023 570 4101 ld
584 4011 767 4120 Byzantiui
782 4021 1013 4120 imperatorer
1027 4011 1310 4184 solemniterllldlp:
