3566 4596
520 309 781 447 opobalsami
795 312 1010 436 Vinalia..
1276 355 1359 443 aar

126 527 220 620 aab,
240 513 320 604 'non
333 545 417 622 opus
435 539 509 598 erat
527 522 575 596 de
595 523 662 600 llac
684 525 788 600 nobili
815 549 952 619 merce,
978 523 1148 620 suspensa,
1175 543 1213 600 ut
1243 523 1353 620 aiunt,

130 628 291 704 hedera:
315 623 469 723 protinus
494 619 589 695 enim
616 645 811 720 emptorem
830 627 948 700 nadtus
972 623 1041 715 est,
1066 626 1168 720 bquo
1187 623 1353 722 deinceps

132 723 312 802 Antonius
341 720 568 811 anedus,
593 719 632 795 dc
655 720 861 796 Vincentius
885 724 1066 818 Panutius,
1091 723 1353 820 pharmacopoei

131 819 314 913 Romani,
341 819 611 917 opobalsamum
626 818 716 911 hoc,
740 820 776 894 in
796 819 955 897 theriacae
981 821 1231 916 componendae
1255 821 1352 896 usum

133 918 317 1004 consecuti
335 917 420 992 sunt.
472 915 537 992 llis
557 921 643 992 verb
665 918 873 992 concinnata
887 921 962 1016 jam
982 919 1159 1008 antidoto,
1185 941 1266 1016 quat
1282 939 1354 992 tur-

132 1021 200 1097 bas
217 1015 378 1092 dederint
405 1013 514 1089 invidi
536 1017 664 1106 aemuli,
689 1016 788 1114 tetigi
805 1014 965 1110 superius.
1018 1018 1180 1110 Quorum
1202 1019 1247 1090 ob
1269 1039 1348 1113 per-

130 1116 309 1192 vicaciam
324 1112 453 1189 fabium
471 1109 541 1202 est,
566 1132 604 1187 ut
621 1133 756 1186 tantum
778 1137 848 1188 non
867 1109 1012 1210 projecti
1028 1135 1108 1192 cum
1132 1111 1286 1191 theriaca
1312 1115 1352 1188 li-

131 1213 251 1314 quoris
270 1231 427 1310 partera,
445 1233 558 1306 opera
584 1211 853 1289 reverendisfimi
871 1209 1037 1307 Episcopi
1063 1211 1258 1302 Tomasrni,
1284 1209 1351 1286 Pa·
1415 1271 1418 1276 .

131 1312 271 1390 tavium
299 1311 343 1385 ad
367 1332 425 1382 me
448 1327 582 1383 curaret
607 1310 732 1384 Baldus
754 1310 899 1400 Baldus,
924 1308 978 1382 vir
1007 1307 1129 1399 animi,
1155 1309 1351 1408 ingeniique

132 1411 230 1485 cultu
249 1405 498 1482 laudatiffimus.
548 1403 766 1498 Postulabat,
789 1427 826 1481 ut
846 1404 1048 1502 posthabitis
1075 1405 1232 1483 amicitiae
1255 1410 1356 1484 leno·

131 1506 260 1682 ἕὶηἰὲς,
286 1505 367 1604 quid
385 1504 431 1579 de
448 1502 578 1604 liquore
588 1505 803 1604 judicarem,
827 1505 957 1596 libere,
981 1503 1020 1582 dt
1037 1505 1254 1580 confidenter
1271 1529 1354 1606 pro·

172 1623 280 1680 stem.
500 1677 503 1685 ,
1071 1618 1074 1654 ³

147 1629 277 1778 pMiffi
299 1699 396 1778 neiat
418 1698 528 1775 visum
551 1696 622 1792 est,
647 1699 826 1814 aequissima
856 1698 1011 1798 petenti,
1035 1695 1233 1804 obsequium
1259 1697 1351 1777 haud

130 1803 316 1900 praestare,
345 1820 607 1896 correptamque
640 1801 764 1892 avtde,
797 1801 952 1897 quamvis
983 1798 1172 1894 etiamnum
1208 1795 1353 1877 sanila

130 1923 211 1975 rem
228 1899 355 1990 oculis,
379 1900 536 1988 natibus,
561 1895 600 1972 dr
617 1898 732 2009 palato
754 1900 959 1996 lacrymam,
986 1892 1209 1972 obviis'mihi
1232 1895 1351 1987 domi,

132 1997 173 2076 dr
191 1997 286 2096 apud
315 1996 465 2086 amicos,
491 1993 678 2070 balsanucis
698 1995 817 2072 refinis
848 1995 1075 2093 comparavi,
1107 1989 1352 2092 &postquam

131 2097 225 2171 notis
242 2094 402 2170 omnibus
423 2093 466 2166 ad
488 2093 641 2166 amuffim
653 2092 809 2184 exactis,
836 2095 942 2171 animi
964 2094 1140 2168 sententiae
1165 2092 1352 2188 responde-

131 2217 173 2270 re
195 2192 355 2288 comperi
371 2247 384 2282 „
415 2188 607 2288 legitimum
633 2188 775 2266 Arabici
806 2191 947 2266 balsami
974 2187 1141 2279 succum,
1175 2187 1351 2289 ipsumque

130 2292 227 2372 adeb
262 2289 439 2386 cognitum
472 2284 615 2397 antiquit
644 2285 916 2382 opobalsamum
944 2287 1204 2460 pronunciavi,
1239 2285 1278 2362 dt
1303 2292 1349 2364 ob

132 2389 286 2465 eandem
302 2407 375 2462 turn
400 2382 610 2475 substantae,
635 2397 709 2456 tum
724 2385 923 2481 qualitatum
963 2388 1146 2460 acuitatum
1171 2410 1214 2460 ue
1245 2385 1355 2476 ratioff

133 2511 220 2564 uem
247 2485 284 2562 in
307 2481 465 2582 prasenti
489 2481 624 2580 publice
646 2483 856 2578 pronuncio,
880 2483 920 2560 dt
939 2481 1105 2560 obtestor.
1196 2503 1350 2559 tautem

134 2583 291 2661 dsolidis
317 2584 442 2658 ducam
468 2579 729 2672 fimdamentis,
760 2581 856 2658 idem
871 2579 953 2656 else
985 2582 1159 2672 Arabum,
1183 2580 1224 2657 dr
1256 2583 1350 2680 quod

133 2679 252 2776 priscis
281 2679 429 2754 innotuit
454 2677 750 2773 opobalsamum,
784 2676 1029 2760 Dioscoridem
1054 2678 1161 2757 veluti
1195 2680 1349 2778 Cynosu-

133 2800 211 2851 ram
237 2774 374 2873 sequar,
400 2774 688 2872 Galeno2judice,
719 2787 775 2852 aab
803 2779 867 2857 a&
895 2779 1039 2866 larvula>
1061 2779 1144 2850 'laio
1168 2781 1348 2856 sextaed-

135 2905 196 2948 τιν
213 2880 311 2948 brou
337 2873 495 2964 Adraa,
518 2895 639 2950 eorum
660 2877 717 2972 qui
746 2875 839 2951 circa
857 2876 1043 2952 materiam
1071 2875 1246 2950 medicam
1269 2899 1349 2950 ver-

134 2967 268 3061 santur,
292 2969 425 3044 nemini
440 2969 643 3047 secuudum:
659 2973 853 3074 eodemque
863 2974 1001 3050 audiere
1016 2973 1134 3049 omnia
1150 2971 1349 3070 perfecun-

133 3072 193 3145 tub
217 3069 448 3168 complexum.
498 3069 658 3164 Utpote,
682 3072 739 3167 qui
756 3072 888 3171 fingulit
913 3091 1014 3149 notas
1036 3070 1238 3164 addiderit,
1270 3069 1345 3168 qui-

133 3167 199 3244 bus
214 3166 412 3264 probatiora
429 3189 449 3238 a
467 3163 639 3240 vilioribus
658 3168 809 3246 maxime
826 3165 985 3270 distingui
1005 3168 1150 3268 possunt.
1184 3169 1265 3244 Non
1283 3168 1345 3244 de-

132 3265 233 3342 flexit
253 3268 298 3342 ab
317 3263 386 3338 hoc
404 3263 515 3340 sidere
536 3265 654 3340 oculos
675 3266 875 3358 Abensrna,
898 3269 989 3343 inter
1021 3267 1157 3342 Arabes
1190 3265 1262 3343 five
1279 3289 1345 3340 nu·

132 3363 249 3454 mine,
274 3362 496 3439 livenomine
514 3365 596 3438 veti
615 3363 788 3460 quondam
807 3366 986 3461 princeps:
1012 3362 1166 3461 quamvis
1182 3365 1346 3440 barbarus

134 3464 210 3575 ejus
223 3461 417 3556 interpret,
443 3457 587 3554 plurima
609 3459 729 3538 vitiolb
767 3461 892 3538 Latini
915 3459 1136 3550 transtulerit,
1162 3463 1251 3536 nulla
1271 3485 1343 3540 non

133 3558 420 3656 mterpolaverit,
451 3555 607 3653 quaedam
624 3559 712 3656 negl'
738 3578 837 3634 enter
855 3559 1018 3635 omiserit.
1069 3557 1287 3635 Dioscorides
1311 3560 1341 3632 i·
1498 3627 1504 3650 ,

133 3655 336 3830 qaqqefilibri
348 3651 453 3751 primi
467 3652 511 3728 de
529 3654 674 3729 materia
733 3657 855 3748 edica,
879 3657 993 3758 capite
1010 3657 1148 3734 decimo
1166 3657 1205 3734 dt
1218 3656 1344 3732 ottavo

162 3775 240 3828 cm
268 3772 299 3843 t,
1083 3779 1086 3788 ·

233 3852 403 3938 Βάλωμον
436 3851 473 3924 sl
497 3855 553 3948 pir
579 3855 698 3950 dirim
727 3849 766 3952 ἦ
790 3854 937 3952 adyti&
960 3859 1087 3948 abacto,
1111 3851 1134 3938 ri
1157 3851 1347 3952 superaddat

337 3951 478 4046 Atlas).

889 4043 965 4124 Hb
1263 4048 1345 4124 bal·
1491 4021 1511 4046 ²
