3518 4596
89 442 91 448 ’
185 459 203 506 .·
430 407 928 504 ‘assentiabamus
1011 408 1044 436 ·’
1222 436 1300 544 “iff

88 596 217 692 mlle
231 598 493 704 pervelligavit,
516 622 555 678 ut
574 601 699 676 nullam
726 601 769 678 in
786 625 831 678 eo
855 599 1001 692 Balsami
1022 596 1160 696 stirpem
1183 598 1300 698 super-

85 701 201 778 stitem
224 703 323 778 'certb
349 699 571 778 constitutum
598 701 766 778 habuerit.
819 705 934 801 Atque
960 721 998 775 ut
1025 700 1205 797 largiamur
1228 694 1302 772 hoo

86 799 230 898 nublicae
256 799 385 895 famae,
417 795 533 874 deeffe
557 823 650 876 nunc
672 798 955 878 Palaestinae-tam
986 799 1102 873 nobile
1125 820 1268 896 germen
1288 826 1303 894 3

85 901 228 978 minime
253 920 374 984 tamen
397 899 630 977 concedemus
646 899 831 990 3...eandem
857 896 953 975 fuisse
984 895 1303 995 patriamssall'ami

86 1001 253 1080 tellurem.
305 994 520 1089 Camenam,
541 995 679 1084 auclore
698 993 962 1096 Theophrasto,
988 979 1304 1093 sylvestremilliut‘

85 1099 380 1197 plantammullam
398 1095 545 1192 aluerit3
566 1096 632 1182 sed
654 1097 787 1184 duobus
813 1115 973 1188 tantum,
999 1113 1037 1171 ut
1058 1091 1302 1190 diui.,.,regiis

84 1186 445 1296 paradisrsnfsmgtla'ri
464 1217 566 1289 cute,
579 1192 632 1270 'dc
651 1197 785 1284 -asliduis
803 1193 1068 1293 irrigationibus.
1085 1189 1305 1290 educaverit,-

83 1292 305 1378 manifestun
321 1294 463 1384 evadit,
479 1315 558 1368 ,non
577 1291 800 1393 indigenam,
817 1293 890 1367 sed
912 1289 1130 1403 peregrinam
1153 1281 1297 1388 stirpem

83 1391 201 1486 soille,
234 1393 289 1470 cui
319 1392 503 1468 servandae
518 1410 652 1466 tantum
676 1381 800 1470 laboris
825 1387 992 1488 stumque
1023 1377 1302 1490 impendendum

86 1513 183 1572 etat..
223 1491 396 1589 Exprellit
411 1509 527 1565 autem
554 1488 704 1564 natalem
725 1487 869 1565 Balsami
895 1506 1021 1562 terram
1035 1485 1221 1582 Joseplrus,
1238 1509 1299 1560 an-

86 1590 287 1762 gglnitmum
303 1583 519 1762 Jgdaioartffn
541 1585 684 1758 scrigstm
691 1587 1087 1760 [diligfnltziffimumsclgtm
1104 1585 1300 1756 Βαῐίιιέηιιη

86 1742 100 1764 l
142 1711 294 1780 omont,
341 1708 469 1785 aprenn
494 1709 567 1760 amo
645 1709 689 1760 na
719 1713 793 1761 aea
850 1707 953 1758 etna
1005 1707 1177 1758 aeorum
1227 1707 1313 1756 ono·

85 1787 204 1861 datum
226 1803 490 1861 commemoret.
524 1711 641 1860 Erani
653 1803 769 1858 autem
787 1709 897 1858 Sabaegi
912 1783 1002 1858 inter
1015 1779 1156 1856 *Arabiae
1171 1781 1298 1855 Felicis

85 1885 228 1983 populos
248 1939 260 1976 ‚
285 1907 365 1961 cum
386 1881 470 1974 auri,
490 1881 657 1972 metallis,
691 1902 776 1974 tum,
794 1883 938 1956 odorata
957 1881 1124 1979 sylvarum
1141 1877 1297 1953 fertilita-

85 2003 119 2058 te
136 1981 297 2059 ditiffimi
349 1979 460 2058 Nesla
479 1979 595 2079 itaque
617 1977 791 2056 Palaestina
808 2003 882 2055 tam
904 1978 1067 2060 eximiam
1083 1979 1232 2075 plantam
1250 1999 1314 2050 ex-

83 2080 232 2173 Arabia,
256 2080 293 2155 in
310 2081 406 2180 cujus
423 2101 499 2154 non
511 2077 705 2152 maritimis
719 2097 880 2169 tantum,
905 2098 943 2152 ut
969 2081 987 2152 *a
1015 2078 1184 2152 Strabone
1213 2098 1315 2172 pro-m

83 2180 196 2254 ditum
215 2175 366 2269 est„sed
390 2175 779 2252 etiammeditenaneis
801 2176 912 2267 locis,
939 2173 978 2249 dc
1007 2174 1100 2248 circa
1129 2172 1295 2249 Badruni-

82 2301 140 2354 am
166 2276 350 2374 oppidum,
367 2277 413 2352 ,in
430 2274 603 2350 montibus
631 2272 774 2348 collibus
790 2298 833 2348 ue
850 2272 998 2346 feliciter.
1017 2271 1129 2370 surgit.
1182 2273 1294 2346 Tran-
1315 2314 1317 2320 .

81 2375 203 2451 llatum
228 2376 248 2449 d
273 2371 449 2450 Palaestina
472 2371 664 2447 Balsamum
690 2371 726 2445 in
805 2392 949 2470 gyptum
976 2371 1127 2445 creditur
1144 2369 1316 2465 cleopas·

81 2493 141 2548 trae
166 2471 320 2549 libidine.
385 2471 514 2548 Seculis
548 2471 676 2546 deinde
707 2469 923 2568 sequentibus
949 2494 1010 2565 per
1046 2467 1231 2561 Califfam,
1255 2466 1293 2544 ὅι

81 2595 245 2684 proteges
263 2626 295 2661 ,,
314 2568 580 2668 quotiescunque
603 2570 638 2643 in
664 2569 773 2642 horto
797 2567 996 2642 lllatahariae
1023 2563 1197 2639 custodum
1229 2587 1311 2638 ne--
1380 2591 1384 2601 ·

80 2671 245 2780 gligentra
257 2667 398 2840 Festum
423 2667 535 2758 ivit„
555 2690 612 2740 εκ,
629 2667 757 2742 Arabia
802 2666 996 2762 propinqua
1016 2661 1214 2761 frequenter
1236 2687 1310 2737 rev
1368 2720 1372 2728 .

80 2786 228 2863 pentum
274 2765 378 2858 uille,
403 2789 481 2840 cum
501 2763 620 2838 incolis
649 2763 783 2838 abunde
800 2781 922 2836 notum
947 2761 1026 2850 ell,
1049 2781 1122 2834 tum
1146 2759 1312 2836 lllullris-

79 2864 170 2940 srmis
194 2865 276 2938 viris
297 2865 505 2962 cognitum,
538 2861 595 2961 qni
631 2887 694 2959 pro
723 2861 939 2937 Serenillrma
958 2857 1151 2954 Republica
1171 2861 1310 2933 Vene··

80 2983 113 3037 ta
142 2961 309 3038 consulari
334 2985 478 3037 munere
496 2963 531 3035 in
556 2959 715 3058 AEgypto
736 2959 932 3058 perlunsli,
959 2956 996 3034 dt
1023 2977 1188 3056 quotquot
1215 2956 1290 3031 sub·

80 3063 191 3136 ditum
219 3061 295 3157 ejus
325 3063 398 3158 jam
434 3063 454 3134 *a
482 3079 534 3133 tot
561 3061 656 3134 annis
682 3059 847 3136 Cabirum
872 3056 1111 3132 inhabitarunt.
1184 3055 1288 3151 Apud

80 3183 163 3256 quos
188 3157 228 3233 dc
260 3158 346 3232 milri
371 3157 538 3258 degenti,
573 3157 707 3232 odorati
741 3155 880 3232 balsami
905 3153 1057 3242 frabus,
1081 3151 1120 3227 dt
1144 3153 1288 3242 ramuli,
1307 3199 1317 3224 .=

78 3253 335 3354 fragrantesque
363 3257 490 3332 eximia
511 3255 677 3329 stravitate
703 3257 863 3354 lacrymae
892 3251 1064 3328 multoties
1087 3249 1287 3346 conspeblae.

78 3355 160 3429 llas
188 3359 272 3429 verb
307 3355 492 3454 genuinum
529 3352 608 3426 illud
640 3354 853 3450 antiquorum
888 3349 1157 3448 Opobalsamum
1189 3346 1257 3421 elle
1276 3403 1312 3438 ,,

79 3473 155 3528 tam
190 3451 510 3552 plantae-genetricis
525 3451 679 3542 habitur,
704 3453 804 3549 quum
830 3450 967 3547 liquoris
986 3445 1189 3538 substantia,
1206 3471 1288 3546 qua-

77 3551 213 3641 litates,
239 3548 288 3626 dt.
302 3552 480 3626 facultates
500 3549 701 3646 penitissime
727 3550 947 3624 convincunt.
974 3547 1133 3625 Cardono
1158 3547 1288 3620 dudum

78 3651 113 3726 se
137 3648 296 3750 opposuit
318 3651 422 3747 Julius
450 3648 562 3725 caesar
584 3648 762 3746 Scaliger,
788 3639 957 3720 Manardo
976 3646 1116 3722 Carolus
1141 3643 1316 3734 Clufius,.

78 3751 133 3824 ille
157 3745 297 3860 ingenio
317 3770 418 3847 atque
437 3747 629 3822 eruditione
654 3745 843 3842 princeps3
869 3745 926 3818 hic
951 3746 986 3818 in
1010 3741 1162 3840 llirpium
1183 3741 1295 3814 raris

79 3871 156 3921 rum
177 3846 378 3944 cognitione
396 3847 555 3921 summus.
592 3842 776 3918 Senserunt
795 3845 888 3918 idem
906 3865 1044 3916 mecum
1070 3841 1191 3916 Petrus
1209 3839 1301 3914 Rel-·
1439 3929 1443 3935 Ι
1600 3935 1611 3942 .
1750 3915 1755 3934 ,

80 3945 222 4035 lunius,
247 3946 403 4020 Andreas
420 3931 649 4040 Caesalpinus',
675 3943 853 4019 Honorius
876 3941 1012 4031 Bellus,
1040 3942 1190 4036 Juannes
1219 3938 1312 4012 Co·-

74 4045 193 4143 ἥξω,
224 4064 336 4146 atque.
350 4069 398 4126 ex
418 4039 681 4122 antecessoribus
702 4041 791 4122 meis
812 4039 1033 4218 ,Titlelcltior
1052 4035 1314 4232 (ἰιιίἰειιάῐῖἑιὲ.Ι
