3566 4596
439 327 519 462 aad
846 355 1248 475 JoanuisVestingii‘

437 553 527 629 fuit:
563 554 720 655 adeoque
735 553 849 630 nobile
877 553 956 631 iilud
979 555 1237 656 vulnesibusque
1266 555 1419 631 levandis
1446 557 1650 653 expetitum·
1768 561 1769 576 ¹

352 683 355 688 ·
439 666 504 736 aas·
520 653 612 745 seri,
646 652 801 753 quamvis
831 676 1052 730 communem
1069 656 1186 730 restria
1207 655 1491 753 significationem
1510 679 1578 752 pre
1599 655 1645 730 se

438 750 548 844 serat,
574 752 790 826 amantibus
804 751 931 827 Giiead
958 752 1045 852 (non
1066 754 1173 828 semei
1197 756 1421 829 annuentibus
1451 753 1577 828 divitiis
1598 754 1635 828 ii-

438 871 589 924 terarum
602 847 850 946 monumentis)
870 849 939 925 alias
959 876 1039 928 cum
1056 852 1226 926 mercibus
1242 854 1277 926 in
1299 849 1508 936 Palaesiinam
1528 851 1639 947 aspor-

437 970 547 1026 tatum
568 1001 578 1036 ,
603 949 673 1020 hoc
686 944 794 1043 ipsum
813 970 858 1020 ex
874 949 1001 1024 Arabia
1018 949 1211 1046 profestum
1240 950 1509 1046 Opobalsamum
1523 949 1647 1041 fuisse,

439 1047 535 1122 claris
549 1043 740 1124 aratoribus
758 1044 949 1140 persuasum
968 1045 1029 1123 est.
1056 1049 1156 1122 Ibant
1173 1071 1218 1121 ex
1234 1048 1361 1124 Arabia
1376 1047 1485 1122 Felici
1506 1071 1648 1122 merca·

436 1165 530 1219 tores
551 1140 747 1240 frequenter
776 1143 1010 1220 Damascum:
1044 1169 1111 1220 nec
1131 1146 1261 1244 longius
1281 1146 1443 1222 ab'abaeis
1463 1146 1507 1218 ad
1533 1147 1649 1243 ipsum·

437 1239 675 1317 Hierichuntis
703 1253 881 1327 perstatim,
907 1242 966 1317 seu
981 1244 1189 1342 palmetum,
1214 1247 1315 1342 quam
1337 1245 1470 1319 diemm
1490 1245 1644 1341 quinque·

436 1340 528 1428 iter,
561 1339 701 1414 metitur
722 1343 856 1414 Strabo.
907 1343 979 1417 Cur
1004 1361 1119 1416 autem
1145 1338 1374 1438 Theophrasti
1393 1365 1497 1431 aevo,
1525 1341 1563 1417 dt
1584 1342 1629 1415 vi·

435 1437 594 1536 gentibus
613 1437 748 1534 imperii
766 1435 919 1512 Romani
936 1441 1038 1514 rebus
1057 1494 1067 1529 ,
1091 1439 1236 1514 Balsami
1256 1464 1372 1514 curam
1391 1438 1508 1536 susque
1527 1439 1631 1537 deque

435 1535 618 1612 habuerint
636 1537 779 1626 Arabes,
806 1535 843 1611 in
863 1535 1017 1612 obscuro·
1036 1535 1186 1612 vetustas
1202 1537 1337 1633 premit.
1388 1535 1572 1614 Probabile
1588 1559 1643 1614 ta··

435 1658 518 1709 men
535 1631 610 1726 est,
635 1657 716 1708 cum
734 1633 772 1710 ἃ
790 1633 1030 1732 Theophrasto
1051 1635 1249 1732 superstite,
1273 1635 1309 1711 in
1332 1634 1437 1733 Syria
1462 1633 1643 1710 Puaestna,

433 1729 577 1808 studiose
592 1735 666 1832 jam
686 1734 917 1824 excoleretur,
930 1733 980 1808 ¹&
1001 1733 1169 1809 Caesarum
1193 1755 1351 1831 tempore
1378 1729 1573 1807 balsamum
1587 1734 1645 1810 se·-

434 1851 526 1906 reret
542 1831 660 1922 fiscus,
685 1853 797 1928 neque
816 1852 963 1927 unquam
980 1832 1189 1908 numerosror
1207 1853 1287 1906 ante
1306 1834 1421 1930 planta
1435 1831 1646 1908 fuerittimd

432 1931 480 2006 sic
504 1949 710 2042 propagatos
727 1928 891 2002 insudaea
914 1928 1143 2004 balsamiferos
1159 1935 1340 2027 nep-adest
1358 1928 1479 2004 asserat
1493 1931 1641 2020 Solinus,
1706 1995 1709 2002 r

372 2109 375 2116 ,
433 2048 472 2102 ut
486 2027 770 2102 latissrmtsetram
783 2025 921 2136 collibus
930 2026 1198 2122 opobalsamum
1216 2029 1432 2126 exciperetur
1445 2057 1467 2139 εο
1478 2029 1636 2140 adeoque

434 2129 477 2200 ab
501 2124 670 2202 Arabibus
687 2147 756 2198 nou
774 2124 914 2236 amphus
937 2145 1113 2221 peteretur
1131 2183 1142 2220 ,
1166 2147 1224 2201 aut
1241 2151 1355 2223 opera
1379 2145 1493 2222 pretio
1510 2148 1643 2203 mento.

431 2224 539 2299 vendi
559 2223 648 2298 inter
666 2223 883 2321 Aegyptios,
909 2223 1075 2396 Syrospue
1089 2231 1159 2300 non
1175 2227 1353 2323 potuerit,
1377 2227 1420 2300 ab
1444 2223 1570 2300 usdem
1592 2250 1612 2300 a
1768 2259 1769 2286 ι

433 2319 573 2412 Persas,
598 2319 764 2418 indosque
787 2321 996 2418 propinquos

432 2421 503 2496 aliis
523 2419 674 2498 odoratis
703 2420 874 2492 mercibus
896 2421 1030 2496 abunde
1047 2419 1186 2519 quaestus
1208 2421 1398 2513 afflueret,
1433 2422 1639 2534 contingere

1026 2323 1107 2398 uisse
1128 2324 1288 2398 delatum.
1340 2323 1464 2416 Quin,
1492 2347 1633 2400 cumea
1768 2295 1769 2362 s

431 2517 574 2615 potuit,
599 2537 636 2592 ut
650 2517 756 2591 labori
774 2541 894 2612 parum
915 2519 986 2591 utili
1001 2517 1247 2615 supersederint
1271 2521 1434 2610 Arabes,
1464 2545 1517 2616 qur
1534 2540 1631 2592 tenua
1768 2559 1769 2578 t

430 2617 589 2712 lentdque
616 2616 769 2690 mananti
784 2617 960 2710 lacryma,
985 2615 1235 2730 circa‘srrrguios
1255 2619 1402 2690 ramulos
1424 2616 1482 2694 sub
1497 2615 1634 2691 ardenti

430 2715 499 2788 sote
517 2714 734 2810 colligenda,
759 2731 861 2810 atque
890 2711 1120 2812 abstergendae
1141 2715 1392 2813 impendendus
1413 2735 1513 2808 erat,
1547 2739 1636 2812 prae-
1768 2737 1769 2748 ¹

430 2811 802 2900 sertimeummudtore
819 2815 1108 2908 Strabone,dpy·t
1126 2823 1150 2915 ‚p
1171 2817 1305 2910 {asopo
1323 2819 1490 2906 aserdan,
1512 2813 1638 2912 segnes
1768 2879 1769 2890 t

430 2910 537 2986 essent
564 2911 724 2999 Arabes,
739 2909 915 3007 vitamque
936 2909 1079 2986 curis&
1100 2913 1261 2988 molestiis
1276 2912 1462 3010 sejunctam
1479 2931 1636 3012 agerent.

428 3012 477 3083 At
498 3029 671 3082 mutarunt
692 3007 727 3080 se
745 3006 873 3082 deinde
906 3030 1019 3084 rerum
1049 3012 1235 3088 memoria.
1286 3012 1396 3103 Nam,
1422 3029 1458 3084 ut
1481 3010 1638 3108 superius

427 3107 599 3198 memini,
634 3130 720 3180 curn.
733 3105 830 3202 gravi
846 3107 1010 3182 bellorum
1031 3109 1193 3201 turbine,
1218 3130 1291 3183 tum
1311 3105 1485 3184 Palaestina
1507 3164 1519 3198 ,
1559 3131 1639 3184 tutu

428 3205 610 3304 Aegyptus
632 3204 857 3300 affligeretur,
881 3206 946 3296 iam
971 3229 1015 3278 ue
1024 3207 1164 3302 perditis
1173 3207 1378 3298 cultoribus,
1390 3206 1501 3280 alieno
1511 3206 1547 3281 in
1563 3207 1631 3282 solo

429 3323 499 3374 non
509 3301 691 3376 infeliciter
700 3300 875 3396 hospitata
883 3230 1030 3377 balsami
1046 3307 1186 3400 plantae,
1195 3306 1329 3401 penitus
1338 3303 1526 3401 periissent:
1536 3305 1639 3379 exci-

341 3477 342 3482 ,
429 3399 517 3472 tavit
528 3399 650 3472 iterum
663 3403 793 3474 Arabes
811 3401 988 3474 ad'cuitum
1002 3403 1153 3498 pretiosae
1163 3401 1289 3501 stirpis,
1303 3402 1407 3478 amissi
1417 3403 1582 3498 proximis
1596 3403 1639 3478 in-

427 3497 614 3594 provinciis
633 3497 854 3594 Opobalsami
872 3499 1085 3575 desiderium.
1107 3501 1228 3600 Longe
1247 3508 1331 3576 verb
1348 3500 1481 3598 magis,
1498 3525 1545 3575 ex
1564 3525 1633 3600 quo

313 3677 317 3682 ,
427 3615 499 3670 tern
527 3619 587 3668 ore
608 3597 735 3668 crebris
757 3597 993 3672 Lusitanorum
1003 3599 1226 3698 ,Belgarum,
1242 3603 1294 3673 Art
1320 3601 1442 3688 lorum,
1465 3600 1501 3671 in
1521 3599 1639 3674 sinunt

428 3619 1244 3793 Perseumnavigationisus,maximampartem
1253 3626 1637 3792 insuropamavehun*

428 3807 482 3864 tur
491 3816 637 3888 gemma:
645 3848 656 3884 ,
667 3791 704 3865 ἂ
714 3811 877 3882 aromata,
890 3794 1007 3890 quibus
1016 3795 1139 3892 Syriae,
1153 3793 1349 3894 &Aegypti
1360 3794 1513 3889 emporia
1524 3819 1634 3892 quon.

429 3888 1635 3992 damArabesditabant,indigenismercibus‚gummi,olibano,mira

428 3985 495 4062 riiae
504 3987 741 4092 ,balsamoque
758 3986 1163 4092 diligentioremssoperam
1179 4014 1318 4071 navant
1345 3991 1630 4162 Hastptoeunqug

915 4113 919 4122 .
1556 4113 1602 4188 120
1616 4129 1642 4146 „
