3566 4596
584 269 652 360 lN
679 267 1027 382 VINDlClAS
1054 272 1507 370 OPOBALSAlll

585 465 885 556 Pomutusrrus
915 496 965 552 rar
995 465 1367 558 Excauuuurrssrur
1396 469 1500 558 Vuu

440 608 941 782 Jouuurs
1013 617 1634 758 vostrorum,

894 839 1191 962 EQUITls,

492 1063 547 1152 Et
563 1058 604 1146 in
621 1057 814 1145 Patauino
830 1057 974 1170 Lyceo
992 1061 1248 1161 Auatomeo,
1272 1059 1314 1145 dt
1333 1063 1585 1156 Pharmacito

777 1172 820 1255 iu
835 1173 963 1282 prima
980 1167 1074 1257 sede
1090 1173 1335 1283 profitentis,

847 1382 1240 1458 ELOGIUM.

509 1563 644 1638 Alsama
660 1560 812 1638 odoratis
829 1559 982 1636 demeffa
999 1560 1154 1638 Orientis
1168 1564 1204 1638 in
1223 1566 1291 1640 ori‘s

550 1662 676 1738 Sacrile
748 1660 894 1760 Solymis
910 1659 1097 1756 surripuere
1111 1687 1243 1744 manus,

430 1764 573 1843 Cortice
588 1760 670 1836 diffe
707 1784 730 1833 o
744 1759 818 1856 jam
831 1781 902 1832 nou
917 1757 1150 1854 Opobalsama
1163 1761 1316 1854 sudant,

480 1865 559 1940 Ulla
576 1885 642 1934 nec
659 1861 694 1932 iu
712 1881 818 1931 cornu
834 1875 932 1954 gutta
948 1855 1068 1931 serena
1089 1858 1174 1935 fluit.

429 1963 489 2040 Sic
502 1955 638 2058 periiffe
655 1973 777 2054 putant
792 1954 977 2051 pretiosum
1000 1955 1103 2052 vulgo
1118 1958 1303 2056 liquorem,

432 2079 436 2088 ’
477 2060 597 2135 Partus
616 2053 748 2130 idumei
767 2051 823 2149 qui
843 2052 907 2126 fuit
925 2073 1005 2126 ante
1023 2050 1092 2127 soli.

426 2159 536 2234 Hunc
558 2175 677 2229 tamen
698 2153 734 2226 in
752 2151 866 2226 lucem
881 2170 1026 2226 revocat
1044 2149 1268 2229 VESLIN
1277 2153 1397 2232 GUS
1416 2173 1591 2254 αρεηαω,

477 2258 554 2334 Nec
572 2253 650 2327 fruit
665 2252 701 2324 in
720 2249 818 2324 tertis
842 2249 933 2348 ligna
952 2253 1055 2326 beata
1074 2253 1173 2326 mori.
1448 2253 1462 2280 ''

425 2357 566 2450 Nempe
583 2351 690 2425 iidem
709 2367 856 2422 manant
870 2347 1035 2446 fragranti
1054 2372 1075 2422 e
1093 2347 1208 2446 stipite
1219 2349 1331 2440 succi,

476 2453 614 2528 Ploratu
632 2449 804 2545 quondam
823 2471 906 2544 quos
923 2447 980 2518 sua
999 2445 1115 2542 planta
1125 2449 1242 2522 dabat.
1285 2487 1291 2494 ·

427 2551 494 2649 Eja
513 2573 596 2648 age,
620 2549 673 2620 vir
696 2544 847 2641 sapiens,
870 2544 936 2620 tibi
956 2541 1014 2618 fac
1032 2545 1184 2620 durabile
1199 2555 1349 2638 nomen,

476 2649 530 2721 Ut
552 2649 690 2744 longum
713 2639 811 2717 durat
829 2641 975 2720 balsami
996 2645 1267 2720 amoenuodor.

396 2743 399 2752 ⁴
424 2744 509 2819 Hoc
524 2747 680 2832 Arabes,
705 2740 827 2817 ludive
844 2739 978 2835 ferant,
1005 2742 1068 2816 tibi
1089 2742 1195 2817 laudis
1209 2743 1367 2820 odorem.

473 2840 548 2916 Hic
567 2842 654 2944 liber
671 2842 760 2916 ultra
771 2840 894 2932 Indos,
918 2841 1005 2914 ultra
1027 2840 1335 2940 mabuqueferet.

1237 3019 1341 3114 Scipio
1356 3019 1378 3092 d
1395 3015 1640 3090 Grandimonte..

422 3203 576 3378 Prima
595 3209 779 3304 Palaeflinae
789 3213 938 3305 ceffltntio
955 3211 1112 3308 Balſsama
1117 3213 1228 3307 ferro,
1316 3291 1325 3304 ,

532 3309 573 3382 V
576 3311 608 3380 E
618 3311 683 3383 SL
692 3311 764 3382 IN
767 3310 831 3381 GI
840 3313 960 3382 calamo
966 3310 1043 3401 jam
1058 3311 1211 3384 rediviva
1226 3315 1342 3410 ur'gerrt.

421 3409 503 3480 Haec
520 3407 636 3496 Equiti
651 3409 741 3479 dives
760 3409 844 3480 Nilo
857 3409 943 3480 dedit
959 3431 1053 3480 arma
1070 3408 1205 3501 Coirus,

469 3507 551 3576 Haec
566 3503 666 3573 Latio
680 3505 813 3594 Solymis
830 3509 885 3578 ille
900 3505 1041 3599 tropbaea
1057 3506 1147 3577 tulit.

420 3604 512 3676 Fidis
523 3601 597 3694 plus
614 3603 730 3690 oculis,
754 3623 849 3697 quam
856 3601 961 3692 famae
977 3606 1130 3676 credimus
1147 3607 1223 3676 uni:

338 3721 341 3728 ’
468 3703 545 3774 Inde
557 3701 630 3771 licet
638 3697 799 3792 famaeſst
815 3725 931 3796 quoque
948 3719 1027 3774 nata
1033 3703 1130 3795 fides.
1255 3791 1261 3796 ⁵

420 3796 530 3869 Redde
553 3821 633 3870 novo
649 3800 776 3868 meritos
790 3802 906 3869 oiilori
923 3799 1027 3874 Roma
1042 3796 1217 3894 trimphos
1226 3822 1240 3870 .·

468 3894 621 3969 Innocuos
638 3895 742 3971 turbis
750 3893 884 3991 prostat
900 3899 940 3971 in.
952 3899 1041 3974 Urbe
1062 3901 1180 3995 liquor,
1568 3981 1576 3998 ,

901 3994 906 4000 ’
975 3997 984 4004 ’“
1298 3987 1448 4085 loannes
1460 3982 1623 4068 Rhodus.
