3518 4596
394 322 469 418 ,64
595 311 672 414 Jo.
723 301 1333 392 rasomonorum
1380 319 1481 408 uro

392 497 520 613 Alpino
536 497 652 600 figure
668 519 766 580 ramo
785 495 888 591 dupld
904 493 1036 606 maiora
1049 491 1144 588 sunt,
1168 515 1238 572 nec
1258 495 1350 572 circa
1364 494 1528 596 petiolos,
1546 505 1626 574 nee
1741 474 1742 480 Ν

286 595 288 600 ’
393 623 489 676 crrca
513 598 650 697 apicem
669 598 704 670 in
721 596 858 693 angulos
874 613 1071 670 acuminata
1093 650 1104 686 ,
1130 595 1269 694 arquatis
1293 599 1424 674 alarum
1441 599 1547 674 veluti
1562 620 1626 673 re-

393 697 506 800 migiis
523 697 642 772 ramuli
660 693 708 768 sui
724 691 832 768 latera
848 691 1002 790 stipant:
1028 713 1065 768 ut
1083 693 1127 768 ad
1143 695 1261 768 Solem
1283 697 1508 772 occidentem
1528 697 1628 774 inter

392 797 428 874 se
453 793 650 883 commissa,
674 791 721 866 lic
742 793 784 864 ad
809 793 962 868 eundem
983 790 1157 866 orientem
1174 792 1298 868 sensim
1322 796 1485 893 repanda.
1534 797 1631 874 Fnr-
1741 785 1742 802 ¹

392 895 467 970 stus
492 895 606 991 siliqua
627 891 867 984 concluditur,
891 915 969 966 non
993 891 1140 965 rotunda
1166 947 1177 981 ,
1202 912 1241 965 ut
1263 916 1308 966 ex
1325 894 1537 970 Democrito
1553 895 1631 971 ser.
1741 879 1742 914 l

394 1015 469 1090 tur3
494 993 554 1064 sed
577 989 812 1087 complanata,
838 1009 940 1087 atque
962 1013 1009 1062 ex
1024 988 1209 1064 intervallis
1230 991 1447 1088 compressa,
1471 1017 1546 1070 nec
1561 993 1629 1078 nili

399 1116 467 1190 qua
487 1090 605 1164 semen
624 1089 779 1163 continet
791 1109 889 1186 parte
905 1087 1027 1162 leviter
1044 1087 1198 1163 liberata.
1242 1089 1443 1166 Latitudine
1458 1093 1629 1188 pollicem

398 1187 627 1266 transversum
645 1189 811 1278 metitur,
844 1186 1057 1285 longitudine
1077 1185 1187 1282 dispar
1206 1181 1268 1260 est.
1318 1187 1411 1264 Nam
1427 1185 1627 1289 sdiquarut'u

397 1285 553 1386 ejusdem
571 1287 699 1361 arboris
725 1286 805 1359 alias
825 1285 951 1383 digiti,
978 1284 1057 1358 alias
1070 1307 1192 1360 manus
1211 1308 1367 1384 quoque,
1392 1286 1628 1385 spithamarve

399 1383 596 1460 mensuram
617 1382 784 1482 superasse
810 1383 906 1474 vidi,
946 1405 1018 1456 non
1039 1383 1144 1456 ternis
1165 1383 1325 1474 tantum,
1351 1403 1409 1459 aut
1425 1387 1627 1485 quaternis,
1742 1392 1743 1410 ³

397 1481 459 1568 sed
474 1482 608 1558 ostonis
631 1483 755 1573 etiam,
769 1482 888 1572 denis,
911 1482 1127 1579 pluribusque
1146 1479 1331 1556 seminibus
1350 1482 1442 1558 inter
1468 1505 1629 1562 metator
1742 1485 1743 1500 ¹

397 1583 530 1658 lobulos
548 1581 703 1658 invicem
726 1579 925 1657 subornatis.
954 1579 1095 1654 ·Flores
1114 1579 1151 1652 in
1171 1581 1294 1655 arbore
1319 1580 1470 1677 copiosi,
1494 1584 1536 1660 in
1564 1603 1623 1658 co·

398 1681 558 1758 rollarum
580 1705 647 1780 quo
671 1703 715 1756 ue
739 1697 944 1754 contextum
963 1677 1047 1750 olim
1071 1677 1235 1774 recepti,
1258 1674 1442 1755 staminum
1460 1680 1627 1758 innume.

398 1779 554 1856 rabilium
586 1707 691 1854 denla
717 1778 889 1876 phalange
914 1774 1020 1850 cerasi
1055 1775 1199 1872 minoris
1235 1775 1403 1853 ambitum
1436 1797 1624 1878 aequaoter.

396 1881 547 1960 Succum
572 1876 710 1952 Acaciae
722 1879 797 1978 J’am
815 1878 834 1950 ”a
849 1874 972 1974 viginti
997 1873 1094 1948 annis
1114 1873 1150 1947 in
1167 1873 1345 1970 Europam
1366 1875 1550 1953 transmisit
1568 1875 1623 1952 vir

399 1977 551 2078 optimus
569 1977 716 2054 Cosmus
742 1976 787 2049 de
805 1973 938 2072 Nigris,
963 1971 1248 2070 Pharmacopaeus
1262 1972 1433 2047 Venetus.
1482 1975 1623 2050 lseon·

398 2077 478 2153 tusrs
492 2076 529 2152 in
551 2071 716 2150 mortario
734 2071 871 2170 lapideo
894 2070 1016 2168 filiquis
1035 2069 1148 2144 adhuc
1169 2069 1440 2162 virescentibus,
1459 2074 1623 2150 torculari

399 2175 541 2252 succum
563 2171 743 2270 exprimit,
769 2165 983 2269 expressum,
1007 2191 1077 2243 non
1091 2186 1129 2244 ut
1148 2187 1285 2244 veteres
1302 2169 1381 2243 olim
1399 2169 1436 2244 in
1452 2170 1522 2246 sole
1535 2173 1623 2248 den·

400 2273 469 2365 sat,
493 2273 605 2350 sedin
623 2269 721 2364 vase,
746 2270 838 2370 quod
854 2267 977 2344 stanno
998 2265 1196 2357 indusium,
1223 2267 1337 2342 calore
1364 2265 1455 2344 sorni
1476 2289 1624 2346 eatenus
1743 2317 1744 2356 ÷

402 2371 523 2450 sensrm
546 2371 567 2444 s
584 2368 684 2461 issat,
710 2370 825 2445 donec
847 2365 1052 2466 refrigerata
1071 2365 1201 2464 guttula
1226 2366 1380 2461 protinus
1409 2367 1622 2446 concrescat.
1743 2415 1744 2420 =

400 2473 506 2548 Tunc
524 2397 670 2546 ellustun
686 2467 785 2567 supra
807 2467 951 2542 linteum
978 2487 1128 2559 purum,
1151 2461 1290 2537 simulac
1310 2462 1475 2562 intepuit,
1499 2465 1624 2577 vesicis

399 2570 533 2650 bovillis
553 2567 706 2643 includit.
760 2567 877 2663 Atque
901 2562 972 2637 hoc
1001 2562 1110 2635 modo
1127 2581 1334 2658 praeparatus
1355 2562 1493 2655 succus,
1522 2565 1623 2640 mrni.

401 2671 461 2744 me
485 2665 641 2758 exustus,
665 2665 803 2740 modicd
825 2663 938 2738 fulvus
953 2717 972 2752 ,
998 2682 1070 2734 non
1098 2659 1282 2734 itrsuaviter
1298 2663 1449 2757 odorus,
1475 2663 1520 2740 ad
1538 2687 1626 2763 pra,-

405 2765 550 2867 scriptos
568 2769 611 2848 ab
623 2764 751 2864 Alpino
771 2759 886 2842 nostro
904 2758 979 2838 usus
996 2758 1180 2835 uiliffrmus
1199 2757 1357 2838 habetur.

792 3073 794 3080 y
848 2951 938 3050 =Cu
962 2992 982 3044 r
1006 2991 1031 3044 u
1053 2993 1078 3045 r
1126 2969 1176 3048 V.

888 3149 964 3240 De
981 3145 1141 3238 Narco.

407 3375 498 3554 N
513 3380 640 3456 abeam
656 3374 803 3476 Prosper
819 3373 967 3474 Alpinus
988 3373 1169 3478 spinosam
1189 3373 1248 3450 hic
1274 3371 1460 3490 exprimit5
1486 3375 1528 3452 dr
1548 3373 1629 3450 satie

524 3477 664 3574 quidem
679 3477 794 3569 reste,
818 3474 979 3575 quicquid
994 3477 1156 3554 censeant
1180 3473 1260 3566 alii,
1283 3496 1342 3571 qut
1361 3497 1429 3550 nec
1442 3473 1625 3569 rperatu·

408 3600 455 3651 rae
473 3575 674 3651 Veritatem
694 3579 836 3654 iconum
851 3575 1069 3654 lineamentis
1086 3571 1275 3652 accuratius
1286 3569 1515 3672 assequuntur.
1563 3569 1627 3648 Vi.

409 3674 449 3750 di
471 3672 510 3752 &
526 3675 671 3750 alteram
685 3675 723 3754 in
740 3675 921 3789 AEgppto,
949 3699 1020 3754 oon
1037 3674 1234 3775 spinosam,
1265 3675 1359 3773 cujus
1378 3673 1471 3785 apud
1491 3695 1552 3748 rne
1572 3693 1627 3746 ra-

251 3805 254 3810 ·
410 3796 511 3852 mum
532 3769 666 3867 servo,
689 3799 845 3876 quanm
864 3775 977 3850 srmilis
994 3777 1031 3850 in
1053 3774 1189 3874 reliquis
1213 3771 1347 3870 utrique
1365 3762 1486 3848 sacres.
1535 3771 1627 3850 Cau

412 3872 499 3948 dicis
524 3873 735 3972 amplitudo,
757 3873 797 3950 δι
817 3873 978 3952 crallities
996 3874 1132 3974 insignis
1156 3870 1381 3949 observatur:
1420 3894 1491 3946 nec
1507 3869 1544 3946 id
1561 3867 1625 3944 mi·

411 3993 491 4050 turn
507 3972 545 4053 in
559 3973 724 4076 regione,
747 3997 824 4078 qua
842 3973 888 4054 ad
906 3975 1088 4072 abarim,
1111 3991 1150 4054 ut
1170 3971 1483 4075 maturoque,
1507 3966 1627 4158 slep&
