3582 4584
500 361 759 484 opobalsami
776 337 988 473 Vindit'r'ae.
1272 401 1349 481 27³

138 557 429 656 liturnret'ineat3
462 556 605 644 minimi
623 575 743 634 tamen
764 553 960 636 Dioscoridi
981 515 1083 658 atque
1107 557 1287 640 Abenfinae
1311 523 1354 644 iu¹

136 659 295 734 materiae
301 658 445 733 medicae
456 658 674 754 aeqypareiqr
689 659 987 758 stomachatione
1003 666 1101 771 ῥυπᾶν
1115 663 1349 758 γίχαπῖωκη.

136 767 221 868 λῇστ
244 757 323 832 anal
337 764 431 868 βψς
448 757 581 830 dedalei
595 753 767 924 a‘rqtrffirerl
784 755 911 928 1351&
908 753 1110 940 {giuiffi
1129 753 1347 932 gqinqffipg.

137 849 572 1050 gtiiusbfitidilceuiiiriniistiii
587 849 651 927 sm
661 967 714 1022 ter
741 905 907 1061 ingenio,
935 950 1132 1124 judicioque
1156 953 1345 1054 princepe,

137 1048 434 1146 quemadmodum
454 1049 500 1124 de
516 1042 664 1121 salutaris
679 1042 828 1120 sciennae
844 1047 1046 1145 preceptis3
1082 1073 1116 1124 rc
1136 1051 1181 1124 de
1196 1052 1348 1126 remedi·

135 1167 240 1220 orum
267 1143 477 1222 ufitatiomm
506 1143 749 1236 sanitatibus,
781 1165 854 1220 non
881 1142 992 1218 minua
1018 1147 1195 1242 probanda
1221 1147 1344 1234 eddit,

136 1246 243 1343 quim
924 1299 926 1307 ·

273 1340 397 1436 Pythie
414 1365 483 1436 que
498 1341 618 1438 tripede
637 1364 677 1414 ex
693 1339 828 1430 Plebi,
853 1341 1026 1437 Latmus
1038 1341 1199 1434 profatur.

183 1437 375 1531 Quaerant,
398 1461 461 1534 per
484 1438 666 1527 melleet,
689 1437 755 1512 viri
774 1436 884 1529 dosii,
911 1459 978 1535 quo
999 1435 1253 1515 dissentientem
1274 1439 1343 1518 Pli-

133 1536 263 1626 nium‚
296 1557 377 1608 curn
407 1533 676 1630 praestantiffimis
703 1531 894 1610 rudioribus
926 1537 961 1610 in
988 1534 1133 1634 gratiam
1165 1537 1341 1617 reducant.

132 1632 316 1733 Egomille
335 1632 485 1722 mendis,
510 1629 742 1732 erroribusque
765 1629 895 1705 foedato
921 1630 1075 1729 scriptori
1105 1653 1225 1707 manue
1251 1636 1342 1714 haud

133 1730 346 1820 commodo,
372 1733 465 1842 cujus
483 1729 622 1804 maculis
632 1727 802 1819 delendis,
825 1727 861 1803 fe
878 1727 937 1805 vix
952 1751 1073 1827 parem
1090 1729 1241 1827 agnoscit
1265 1755 1342 1807 eru.

130 1827 285 1904 dirorum
302 1827 461 1924 phurnut,
485 1825 673 1904 Salmasius.
708 1824 914 1913 *Dioscoridi
941 1826 1054 1902 nostra
1084 1845 1211 1923 preter
1233 1849 1343 1926 expe·

130 1926 266 2003 rientiae
285 1923 501 2000 certissimam
516 1925 625 2002 fidem
643 1924 777 2002 abunde
793 1924 1024 2023 patrocinatur
1041 1923 1148 2014 ratic,
1173 1948 1246 2022 quae
1263 1926 1341 2022 pin·

179 2046 239 2097 em
264 2023 457 2121 aeriamque
474 2024 851 2120 lacrymam,quamdiu
872 2024 1027 2098 nativam
1045 2020 1158 2097 servat
1174 2023 1339 2116 indolem,

129 2049 303 2196 srimmum
328 2143 421 2218 aquae
443 2144 615 2217 occupare
633 2122 789 2210 debere,
822 2119 902 2219 (nin
925 2139 1069 2195 externa
1102 2120 1154 2192 vis
1178 2120 1340 2197 deorsum

130 2215 1335 2414 nisinlnnitrllnlllinnaiteininsnal·

594 2368 604 2404 ,
925 2379 926 2382 a
1321 2365 1338 2382 .

131 2418 202 2492 lam
216 2415 375 2490 oleomm
402 2409 506 2490 instar
518 2411 800 2500 nonfacere,·lac
820 2410 981 2502 densare,
1001 2411 1163 2487 celeriter
1178 2411 1336 2507 diffindi,

128 2513 200 2590 olei
214 2509 318 2588 instar
330 2511 424 2588 haud
440 2511 614 2603 innatare,
637 2509 817 2608 propofitae
832 2535 852 2584 a
865 2508 1338 2588 Dioscoridebalfamicaesm-

129 2611 282 2688 ceritatir
300 2631 409 2701 notae,
433 2609 563 2685 cumin
581 2608 731 2685 Arabico
748 2607 890 2705 fnnplici
903 2607 1019 2684 dohen
1036 2607 1193 2701 balesan,
1217 2633 1338 2708 quam.

132 2709 193 2783 diu
212 2708 436 2804 provestioris
450 2707 556 2783 aetans
576 2707 664 2782 vitio
686 2705 843 2785 nondum
868 2701 1067 2781 exhaustum
1093 2702 1172 2797 est,
1205 2708 1337 2805 optimd

128 2802 302 2884 omnes-se
318 2797 553 2897 manifeflent,
578 2801 1000 2902 necessariorelinquimr,
1024 2803 1174 2878 eundem
1189 2805 1334 2880 omnino
1434 2811 1438 2822 '

130 2903 293 2981 effecum
309 2901 384 2992 illo,
407 2922 511 2999 quem
534 2921 671 2979 veteres
688 2921 922 3003 agnoverunt,
946 2901 1086 2978 suavem
1107 2901 1126 2976 ὲ
1149 2899 1333 2993 Palastina,

123 2997 382 3103 pretiosumque
401 2997 541 3074 balsami
557 3001 734 3100 liquorem.

177 3099 247 3176 Hir
267 3096 421 3192 expensn
441 3098 554 3198 pergit
571 3101 615 3174 ad
633 3095 882 3197 Xylobalsami,
894 3096 934 3174 ἀ
951 3095 1226 3212 Carqobalsami,
1251 3098 1334 3174 ade·

127 3201 219 3298 oque
238 3195 319 3294 ligni
339 3193 576 3298 frustumque
591 3195 732 3272 balsami
747 3197 920 3274 examen:
956 3194 995 3273 ἃ
1015 3195 1145 3295 lignum
1164 3249 1175 3286 ,
1200 3194 1333 3294 inquit,

149 3297 220 3375 uod
244 3291 518 3393 Xylobalsamum
546 3315 702 3388 vocant,
733 3300 899 3395 probatur
929 3317 1064 3374 recena.
1112 3292 1219 3369 Enim
1243 3319 1332 3372 vero

122 3322 173 3473 ie
187 3399 313 3495 junco,
338 3391 538 3491 calamoque
559 3393 749 3470 aromatico
769 3395 861 3492 quod
887 3388 1016 3504 scripsit
1035 3390 1095 3464 Th
1164 3389 1293 3468 hrastus
1317 3449 1331 3486 ,

126 3493 334 3589 ψκμίζκν
357 3489 463 3586 saxi,
495 3489 569 3564 cito
596 3493 616 3566 i
637 3493 759 3590 vigore
786 3492 845 3568 suo
871 3487 1088 3581 desciscere,
1149 3515 1170 3566 e
1191 3489 1332 3567 balsami

125 3589 263 3680 surculis
279 3588 407 3664 'merito
424 3585 603 3662 fatendum
621 3645 632 3679 ‚
666 3590 724 3688 qui
748 3589 810 3666 nili
827 3605 989 3663 recenter
1004 3585 1094 3680 sint,
1125 3592 1172 3666 ob
1193 3587 1332 3664 facilem

125 3688 277 3787 partium
295 3684 452 3762 tenuium
485 3681 762 3780 dissolutionem,
794 3709 875 3786 quae
910 3704 984 3760 tum
1009 3683 1174 3762 fervidius
1193 3683 1331 3758 Arabia:

125 3783 249 3874 clima,
272 3803 346 3858 tum
363 3781 424 3858 sub
441 3783 573 3858 acriore
594 3781 662 3858 sole
679 3786 811 3886 longius
830 3783 955 3860 deinde
967 3781 1234 3870 iterimminuit,
1245 3802 1330 3856 con·

124 3901 237 3982 ceptae
253 3882 299 3955 de
318 3882 364 3955 fe·
380 3883 545 3958 virtutmn
558 3880 814 3979 'expediationn
838 3883 1015 3980 Europaeis
1040 3885 1117 3955 rard
1133 3877 1330 3955 satisfacere

119 3979 269 4084 possunt.
319 3977 429 4064 Addit
458 3980 587 4060 laudari
601 3981 832 4090 atellensem,
857 3981 993 4155 {iimo
1015 3977 1109 4056 tenui
1137 3977 1330 4151 mediqqm.

909 4097 947 4153 m
1286 4099 1331 4154 oc
