3518 4596
333 375 336 378 ’
398 363 499 452 ‘108
604 479 609 487 ⁸
709 351 893 474 Joasm’s
914 339 1115 480 Vqlbngt'i
1131 345 1376 468 Paraeneses
1432 454 1437 466 1

420 556 515 632 'enirn
536 554 612 629 haec
634 551 772 628 Natura
792 549 954 645 placuisse
972 547 1130 626 remedia
1151 545 1396 639 censebantur,
1420 565 1545 664 utpote
1560 563 1646 632 nou

420 654 573 730 difficilia
591 654 753 738 inventu,
778 667 899 743 parata
916 650 1201 748 vulgd,citraque
1213 647 1293 724 vitae
1310 646 1526 746 dispendium
1542 671 1642 748 qrae-

419 755 537 829 renda.
588 750 764 846 lnculpata
790 748 898 846 magis
925 749 1042 822 omnia
1074 747 1244 839 strenmt,
1281 769 1362 821 cum
1392 748 1548 822 nondum
1572 771 1646 846 pet

419 853 556 927 fraudes
571 847 751 921 hominurn
770 903 780 938 ,
808 844 1092 945 ingeniorumque
1109 865 1291 943 capturas,
1320 847 1452 922 venalis
1471 847 1646 923 valetudo

420 950 530 1024 esset:
563 947 718 1021 nondum
744 945 1045 1042 compositiones,
1080 964 1182 1044 atque
1203 943 1459 1041 inexplicabiles
1486 942 1648 1024 mistura

418 1048 702 1135 decantarentur,
727 1045 899 1140 ulcerique
919 1066 1030 1140 parvo
1045 1065 1091 1118 ex
1107 1043 1233 1134 lndiis,¹
1257 1042 1412 1118 autlllari
1421 1041 1542 1118 Rubro
1559 1067 1645 1119 me·

417 1147 532 1218 dicina
550 1147 792 1240 imputaretur,
806 1165 844 1218 ut
859 1141 946 1217 serio
964 1141 1184 1239 conqueritur
1194 1165 1310 1216 rerum
1328 1143 1467 1218 Naturae
1484 1143 1645 1240 graviffi·

418 1268 494 1318 mus
511 1243 574 1317 scri
601 1245 664 1316 tor.
1405 1264 1415 1286 ²

467 1269 598 1438 Atquep
606 1341 806 1414 inventores
833 1338 973 1436 quidem
990 1335 1173 1414 herbarum
1203 1338 1289 1412 tales
1311 1339 1466 1436 tantique
1496 1336 1645 1418 fuerunt

417 1439 499 1536 quid
521 1435 676 1527 illustres,
700 1436 739 1512 ἃ
765 1441 808 1512 ab
831 1438 926 1512 omni
952 1459 1029 1512 avo
1059 1434 1338 1532 splendidilbmos
1365 1439 1560 1534 plantarum
1588 1439 1645 1513 in·

417 1557 600 1612 ventarum
619 1537 765 1610 cultores
785 1537 917 1611 silentio
933 1535 1137 1610 involvam?
1161 1531 1228 1625 Et,
1246 1557 1291 1608 ne
1301 1534 1486 1610 Alcinoum
1502 1535 1646 1613 Adoni·

419 1637 569 1733 demque
589 1658 689 1732 reges
717 1635 737 1710 ὁ
762 1634 883 1708 sabulis
902 1632 1123 1722 accenseam,
1147 1631 1183 1706 in
1211 1632 1303 1706 veris
1330 1631 1478 1709 hilloriis
1502 1633 1645 1731 Cyrum

404 1735 588 1830 legimus,
622 1735 871 1830 imperatorem
898 1731 1225 1819 celebratislimum,
1257 1731 1425 1828 plantaria
1447 1753 1555 1806 manu
1584 1731 1645 1808 sua

354 1901 357 1908 .
416 1830 595 1906 instituisse
612 1888 623 1922 ,
657 1854 760 1930 atque
779 1831 847 1904 hoc
861 1829 970 1927 ipsum
997 1829 1088 1926 apud
1104 1827 1322 1930 Lysandrum
1340 1830 1644 1907 Lacedaemonum

416 1931 566 2029 legatum
590 1931 626 2004 in
649 1931 691 2004 ali
716 1951 759 2001 ua
783 1927 896 2028 glorias
928 1927 992 2001 suae
1014 1947 1112 2024 parte
1138 1925 1326 2004 collocasse.
1377 1929 1534 2003 Attalum
1555 1929 1644 2010 sane

416 2027 578 2127 Pergami
598 1955 792 2126 dynaliam,
820 2049 890 2101 non
912 2025 1154 2123 pretioliffimae
1169 2024 1381 2122 supellectilis
1406 2025 1541 2126 lirlgor,
1567 2053 1644 2108 non

416 2124 634 2202 secundantis
657 2123 804 2200 fortuna
828 2125 1065 2201 blandimenta
1083 2123 1306 2216 detinebant,
1331 2125 1430 2224 quin,
1443 2125 1569 2204 omilsa
1585 2153 1644 2204 re-

465 2226 477 2298 i
498 2223 813 2316 administratione,
837 2224 1016 2300 hortorum
1038 2219 1170 2314 lhrdio,
1187 2223 1446 2322 plantarumque
1467 2223 1560 2317 satu,
1576 2228 1642 2302 de·

433 2319 541 2398 ellum
563 2343 620 2396 aut
635 2328 854 2398 aberrantem
873 2321 1026 2398 animum
1043 2320 1271 2420 recolligeret.
1297 2322 1535 2398 Semiramidis
1552 2349 1644 2423 pen-

400 2421 475 2498 sile
495 2423 714 2511 viridarium,
740 2420 907 2496 admirata
928 2419 993 2495 suit
1018 2419 1219 2517 antiquitas,
1250 2419 1290 2496 dt
1315 2420 1436 2497 Africa
1459 2422 1644 2500 celebrem

417 2543 547 2596 novum
573 2545 615 2596 ue
634 2517 819 2595 Musanilsa
838 2520 977 2594 cultum.
1026 2518 1130 2614 Apud
1152 2516 1331 2594 Romanos
1353 2521 1442 2596 aded
1460 2541 1565 2598 vetus
1585 2547 1644 2600 re.

416 2620 547 2714 peritur
619 2643 640 2694 c
659 2618 861 2716 propensio,
885 2636 923 2693 ut
941 2639 1042 2716 reges
1064 2615 1202 2714 imperii
1216 2617 1439 2709 fundatores,
1462 2618 1583 2716 postris
1603 2645 1644 2696 a·

403 2717 468 2792 ¹liis
488 2718 575 2792 curis
598 2773 608 2808 ,
641 2715 707 2792 hac
729 2717 938 2814 potiffimdm
963 2713 1091 2791 luerint
1111 2718 1148 2792 iu
1163 2740 1255 2794 cura.
1303 2717 1533 2818 Tarquinium
1553 2741 1643 2819 cog·

418 2835 587 2890 nomento
610 2817 804 2987 Supperbum
820 2815 934 2910 pallum
956 2811 1028 2904 est,
1052 2815 1195 2890 decussis
1213 2814 1250 2890 in
1266 2813 1397 2906 horto,
1422 2839 1643 2913 papaverum

397 2935 462 2986 ca
486 2913 612 3003 itibus,
654 2940 681 2988 re

417 2938 573 3088 nuhtium
591 3013 661 3087 lilio
680 3009 852 3088 remisisse.
885 3009 1003 3106 Scipio
1022 3012 1238 3112 Carthaginis
1254 3031 1389 3103 terror,
1410 3011 1643 3108 Hannibalis,

418 3111 520 3209 atque
547 3110 712 3186 Antiochi
733 3108 875 3197 vislor,
910 3109 1070 3184 Lintemi
1094 3165 1106 3200 ,
1131 3111 1233 3188 horto
1255 3109 1477 3210 subigendo,
1500 3115 1643 3190 trium·

385 3253 389 3262 ι
441 3210 558 3284 halem
594 3231 734 3283 manum
756 3209 969 3284 exercebat:
1010 3209 1167 3306 adeoque
1216 3208 1356 3284 suavem
1395 3211 1645 3306 experiebatur

416 3235 615 3384 hortensem
639 3329 783 3405 operam
809 3305 1046 3384 Diocletianus
1074 3307 1216 3398 Caesar,
1250 3327 1289 3380 ut
1307 3306 1456 3383 laetucas
1475 3309 1519 3382 ad
1542 3313 1642 3388 Salo-

417 3429 507 3579 narnf
523 3463 533 3498 ,
583 3405 622 3482 δι
638 3409 769 3499 olera,
803 3405 992 3482 diademati
1011 3463 1022 3499 ,
1041 3407 1223 3504 imperiis,
1256 3404 1461 3506 sceptrisque
1502 3409 1642 3485 cunslis

416 3527 486 3602 prae
502 3524 604 3580 erret.
1222 3593 1227 3604 .

446 3634 449 3639 ·
468 3604 678 3702 Quanquam
699 3605 849 3702 palmam
865 3604 963 3682 liorei
990 3603 1090 3703 hujus
1112 3605 1221 3678 cultus
1256 3602 1461 3701 praeripuisse
1492 3603 1640 3682 omnino

321 3799 324 3806 Ι
418 3703 601 3778 videantur
622 3701 758 3800 priscis,
782 3703 940 3778 hodierni
958 3727 1142 3815 proceres,
1167 3701 1329 3778 industria
1345 3703 1481 3794 dicam,
1514 3725 1560 3778 an
1584 3701 1639 3776 se·

417 3802 484 3875 culi
498 3801 612 3897 potius
630 3800 796 3876 felicitate
818 3803 973 3900 smgularr
996 3857 1007 3891 ,
1033 3807 1134 3902 bquo
1151 3823 1311 3899 tempore
1333 3801 1377 3874 ad
1395 3821 1541 3892 ortum,
1577 3825 1641 3876 oc·

417 3899 597 3998 casumque
622 3898 698 3974 solis
719 3899 900 3996 paefatus
915 3899 1042 3990 ndns,
1074 3903 1217 3997 Europa
1230 3901 1405 3991 universa,
1430 3923 1510 3974 non·
1523 3900 1639 3992 minus

414 3997 659 4096 pretiosissimis
678 3997 850 4079 mercibus
873 3997 1106 4094 locupletata,
1120 4004 1221 4100 quim
1244 3999 1418 4078 utilillimis
1439 3999 1561 4102 plantis
1544 4021 1640 4174 „ples

1519 4119 1542 4175 n
1621 4137 1638 4156 .

682 2937 764 2990 vum
788 2914 899 3003 illum,
923 2933 963 2986 ut
981 2913 1127 3010 loquitur
1155 2913 1298 3003 Plinius,
1325 2913 1365 2990 ἃ
1385 2913 1644 3014 sanguinarium
1754 2991 1755 3004 ,
