3544 4592
448 387 494 462 μ
673 352 988 433 rnosrnnr
1038 323 1260 468 narr-Nur
1311 357 1410 434 ma

445 537 539 638 quod
567 533 776 610 veriffimum
802 529 886 624 est3
922 527 1077 629 quinimo
1104 533 1175 610 lroc
1201 531 1253 610 est
1276 533 1407 634 lignum
1433 535 1664 636 inseparabile

444 636 638 735 proprium,
663 636 755 730 quod
772 631 903 704 fidelitls
920 629 1206 708 ollendittrerum
1222 632 1360 707 succum
1373 635 1512 732 balsami
1531 637 1574 710 ab
1588 634 1665 708 aliie

446 732 596 820 vitiatis,
614 756 678 828 pro
701 728 920 825 opobalsamo
937 732 956 802 b
972 729 1085 814 multis
1105 730 1265 829 receptis.
1287 732 1400 808 Multa
1417 735 1463 810 de
1483 731 1667 832 opobaffa-

417 829 421 840 '
445 834 497 908 mi
514 830 635 906 srncen
661 827 700 904 dr
718 826 896 902 adulterati
908 829 1019 919 notis,
1045 826 1154 904 essent
1173 830 1304 906 anobis
1319 831 1487 926 dicenda,
1505 854 1583 908 non
1594 831 1669 904 mi-

437 952 578 1026 nusque
594 929 639 1002 de
663 925 937 1024 carpobalsamo,
961 924 1009 1001 &⁴
1020 927 1274 1024 xylobalsamo,
1300 929 1484 1028 dequibus
1505 927 1668 1018 medica-

447 1027 574 1104 mentis
599 1027 694 1102 dubii
714 1022 877 1102 sumsere
897 1048 1022 1098 omnes
1036 1028 1248 1102 recentiores
1272 1028 1423 1120 Medici,
1448 1028 1603 1127 sed-quia
1627 1050 1669 1101 a·

447 1127 507 1202 libs
529 1126 573 1200 de
595 1125 646 1200 his
669 1126 827 1198 omnibus
850 1122 1005 1198 fufiffimt
1030 1127 1049 1198 i
1072 1126 1171 1201 nobis
1199 1125 1235 1199 in
1259 1125 1408 1226 Dialogo
1437 1128 1483 1202 de
1506 1125 1670 1204 Balsama

449 1223 513 1302 scri
538 1243 611 1298 tum
625 1221 700 1314 est,
726 1247 800 1321 quae
817 1220 935 1298 omnia
953 1245 1033 1295 cum
1052 1242 1087 1296 te
1100 1223 1310 1323 jampridem
1328 1223 1493 1325 legisse&
1510 1223 1670 1300 confide-

449 1249 553 1414 ussi,
580 1322 679 1396 certb
694 1319 818 1412 sciam,
843 1322 923 1396 nolo
942 1339 1076 1416 tempus
1094 1322 1237 1419 amplius
1254 1322 1288 1394 in
1309 1320 1349 1396 iis
1369 1323 1589 1413 consumere,
1602 1321 1666 1396 sed

451 1421 648 1498 sermonem
675 1417 826 1494 nostrum
844 1419 888 1492 ad
917 1418 981 1490 alia
1004 1421 1205 1509 traducere,
1229 1419 1371 1514 proinde
1399 1423 1457 1520 qui
1476 1421 1668 1497 absolutam

453 1543 494 1596 ac
514 1516 706 1615 perfesbam
733 1518 874 1613 plantae,
898 1515 1008 1607 succi,
1033 1516 1225 1607 frusiuum,
1247 1516 1287 1593 dr
1305 1520 1476 1618 virgarum
1495 1519 1669 1594 rationem

453 1619 591 1706 audire,
617 1639 658 1690 ac
674 1615 858 1715 agnoscere
874 1616 1035 1710 cupiunt,
1061 1617 1243 1714 Dialogum
1260 1615 1352 1690 illum
1368 1621 1399 1692 le
1501 1641 1571 1692 nou
1585 1640 1669 1714 gra-

453 1735 597 1804 ventur,
623 1714 667 1788 ad
685 1737 788 1813 quem
806 1735 843 1788 te
860 1735 995 1811 quoque
1015 1735 1077 1808 pro
1095 1713 1165 1787 aliis
1178 1738 1255 1811 ‚quae
1275 1715 1320 1788 de
1338 1716 1400 1790 Bal
1414 1739 1494 1790 amo
1513 1714 1670 1814 superes-

453 1813 546 1905 sent,
572 1812 744 1904 dicenda,
770 1811 920 1886 remitto.
954 1809 1098 1890 Balsami
1118 1813 1270 1908 plantam
1290 1815 1380 1909 apud
1407 1837 1466 1888 me
1484 1815 1671 1889 viventem

455 1912 661 1990 verissimam
687 1913 835 2006 lacobus
862 1911 1076 1984 Contarenus
1102 1912 1249 1986 Senator
1261 1910 1397 1988 Clariis.
1419 1913 1572 2008 Joannes
1591 1911 1669 1985 Vo-

457 2011 535 2091 thus
556 2010 678 2084 nobilis
688 2008 836 2106 Anglus,
860 2008 891 2080 F
891 2005 1147 2082 transterremus
1156 2009 1295 2099 Gallus,
1318 2009 1672 2108 JuachinrusJunger-

461 2132 607 2188 mannus
624 2108 841 2195 Germanus,
875 2105 1012 2179 Marcus
1036 2104 1200 2180 Ferrarius
1219 2108 1376 2184 Venetus
1397 2107 1671 2204 pharmacopola

457 2207 620 2304 &plures
640 2205 695 2280 alii
717 2203 895 2296 viderunt,
920 2227 1108 2376 verumpsue
1129 2205 1235 2278 ctiam
1251 2205 1506 2302 opobalsamum
1531 2209 1575 2280 ab
1592 2206 1669 2302 ejus

457 2307 618 2384 soliorum
640 2304 698 2380 alis
723 2301 869 2378 dissectis
887 2301 1041 2378 instillavi
1068 2328 1110 2398 e,
1136 2304 1226 2400 quod
1245 2306 1358 2380 multis
1374 2305 1525 2394 maxime
1542 2304 1670 2379 mirum

255 2393 258 2402 ’
358 2473 368 2500 x
458 2405 542 2497 suit,
566 2405 646 2478 crim
666 2403 745 2478 aliis
763 2401 896 2478 ltaliam
917 2401 1007 2476 hanc
1022 2403 1174 2498 plantam
1185 2401 1356 2494 habuisse,
1381 2409 1545 2502 n'usquam
1564 2425 1670 2500 appa-

461 2525 557 2598 reat3
583 2501 659 2577 usus
688 2501 865 2578 tamenin
888 2500 1083 2592 medicina,
1106 2524 1191 2598 quos
1220 2502 1310 2598 apud
1336 2501 1523 2600 AEgyptios
1536 2501 1670 2577 lrabeat

457 2599 714 2700 opobalsamum
743 2598 1034 2696 carpobalsamum
1060 2597 1099 2674 dr
1126 2599 1412 2696 xylobalsamum,
1445 2599 1509 2676 tibi
1530 2621 1668 2698 quoque

460 2703 660 2799 detegere,
678 2725 719 2773 ac
734 2699 864 2772 referre
881 2721 973 2772 nunc
990 2701 1159 2792 conabam
1188 2701 1230 2772 ab
1257 2697 1467 2795 opobalsami
1491 2697 1580 2774 dotis
1606 2697 1670 2770 de·

318 2789 322 2798 ’
459 2800 595 2896 sumpto
610 2796 790 2892 principio.
817 2795 1058 2870 GUlLAND.
1089 2796 1264 2872 Galenum
1280 2820 1409 2893 paucos
1427 2795 1501 2871 usus
1516 2795 1667 2872 balsami

464 2899 501 2976 in
520 2896 695 2971 medicina
708 2894 789 2966 hinc
799 2889 928 2965 novisse
946 2893 1134 2986 putandum
1147 2893 1230 2985 erit,
1255 2897 1348 2991 quod
1361 2893 1439 2990 ipse
1454 2894 1491 2969 in
1506 2894 1562 2969 lib.
1577 2911 1609 2968 r.
1620 2894 1668 2968 de

460 2997 578 3091 Simpl.
594 2993 690 3068 llled.
711 2991 841 3066 Facult.
860 2991 1015 3064 omnium
1027 2991 1229 3086 simplicium
1239 2993 1574 3068 medicamentorum
1589 2990 1670 3067 usus

461 3092 599 3191 copiose
616 3090 793 3177 docendo,
819 3087 865 3162 de
885 3086 1041 3163 Balsamo
1062 3088 1143 3164 nihil
1163 3090 1206 3164 ad
1224 3090 1314 3166 hanc
1329 3115 1405 3168 rem
1418 3090 1616 3189 protulerit,
1632 3109 1672 3166 ut

461 3217 506 3268 ex
524 3190 663 3289 ejus-his
684 3188 799 3265 verbis
816 3183 968 3262 constat:
992 3242 1015 3278 „
1040 3186 1231 3272 Balsamurn
1248 3189 1398 3266 desrccat
1413 3189 1451 3265 δι
1463 3187 1672 3267 excalefacit

460 3345 483 3382 „
508 3288 660 3362 secundo
674 3283 833 3380 excelsu,
847 3283 910 3360 -est
922 3303 1042 3359 autem
1062 3286 1215 3362 tenuium
1232 3288 1380 3384 partium
1396 3287 1506 3378 adeb,
1530 3307 1569 3360 ut
1582 3287 1676 3361 odo·

460 3443 484 3478 ‚,
502 3405 620 3460 «ratum
638 3384 687 3461 fit.
729 3385 934 3483 Sed-liquor
959 3386 1031 3484 ejru
1059 3383 1271 3460 subtiliorum
1295 3389 1402 3460 etiam
1424 3386 1573 3483 partium
1598 3381 1669 3476 est,

461 3539 484 3577 „
508 3483 695 3658 puimipsa
709 3485 842 3596 planta,
860 3503 1074 3596 nontamen
1098 3484 1356 3604 adebcalidus,
1381 3485 1577 3600 mquidem
1597 3483 1672 3595 exi·

459 3639 483 3774 :3
507 3579 1690 3792 rsansures?all,sullamfia

460 3837 482 3874 „
507 3781 678 3857 inferior.”
728 3782 798 3856 Sed
814 3804 878 3879 age
893 3800 930 3852 tu
939 3779 997 3858 dre
1010 3777 1083 3853 usus
1100 3779 1293 3873 rlhus'apud
1308 3779 1495 3878 AEgyptios
1541 3801 1672 3878 equen-

461 3900 561 3956 tatos.
611 3877 800 3954 ALPlN.
850 3878 987 3952 Nullum
1004 3879 1097 3952 certe
1115 3876 1165 3952 ibi
1184 3876 1234 3953 eli
1256 3878 1580 3968 medicamentum,
1604 3901 1672 3975 quo

451 3981 587 4081 magis,
614 4003 655 4054 ac
681 3976 891 4082 frequentiis
917 3997 1002 4075 gens
1029 3976 1085 4052 illa
1103 3975 1280 4084 medendo
1307 3997 1441 4073 utatur,
1467 3981 1569 4075 quam
1585 3999 1675 4150 oppl:
