3518 4596
403 355 494 468 Μ·
739 338 1288 467 Jiioflingiln’miises

409 553 571 642 aliorum,
597 547 796 648 &capsulas
811 549 908 624 varie
923 549 1105 639 contorsit,
1130 549 1240 626 flexus
1259 547 1499 641 cochlearum,
1524 547 1571 628 dc
1587 547 1645 628 lua·

410 653 564 752 byrinthi
583 670 685 752 gyros
702 647 847 724 initam
898 650 978 724 Non
996 650 1095 724 aliam
1115 650 1260 724 arbitror
1276 654 1321 726 ob
1344 649 1499 740 causam,
1526 673 1647 749 quant

409 769 449 827 ut
479 749 731 850 impedimenta
747 747 927 845 quiedam,
952 747 991 824 di
1017 770 1170 823 remoris
1196 748 1386 846 objiceret,
1411 748 1532 850 quibus
1563 751 1648 828 vim

408 841 538 926 inserte
556 865 715 948 parantes
737 866 934 944 occuparet.
985 845 1144 922 lrilbnxit
1169 847 1324 948 quaedam
1348 848 1467 923 floccis
1479 851 1496 939 ,'
1515 846 1558 922 dc
1594 851 1646 924 la·

407 950 484 1026 nais
517 965 708 1046 papporum
746 943 853 1020 veluti
875 948 1024 1044 plumis,
1049 965 1087 1021 ut
1108 966 1191 1022 tunc
1209 947 1360 1022 maxime
1390 948 1435 1020 de
1461 945 1644 1025 seminum

410 1048 520 1124 tutela
544 1044 711 1120 solicitam
741 1063 821 1119 eam
845 1044 1106 1136 existimemus,
1140 1068 1219 1120 cum
1246 1045 1280 1119 id
1303 1046 1445 1121 minime
1469 1047 1643 1138 videtur,

409 1157 490 1221 cum
515 1145 583 1219 alas
603 1143 643 1218 iit
669 1143 785 1236 addit,
810 1145 931 1243 quibus
959 1165 1005 1220 er
1025 1146 1131 1220 oculi
1149 1143 1270 1220 nostrii
1285 1142 1450 1221 facessant
1474 1201 1486 1238 ,
1512 1143 1578 1235 dc,
1604 1159 1644 1222 ut

406 1265 492 1320 cum
513 1241 659 1319 Marone
684 1243 820 1342 loquar,
1363 1304 1367 1314 ,

619 1387 691 1410 -
716 1345 852 1416 volitent
865 1341 1006 1414 ludibria
1021 1345 1138 1415 uentis.

409 1437 543 1538 Utique
570 1440 852 1538 perdurationem
876 1437 916 1513 ἃ
940 1437 1215 1512 incolumitatem
1243 1437 1410 1517 seminum
1438 1440 1640 1541 inignem,

408 1539 445 1613 in
471 1539 622 1634 plurimis
646 1539 837 1636 plantarum
854 1537 983 1610 dudum
1006 1537 1195 1633 peritissimi
1213 1539 1360 1612 cultores
1380 1560 1566 1636 notarunt,
1595 1545 1638 1618 iis

262 1632 266 1638 ’
404 1638 580 1735 Ιριποὶριιέ
598 1657 741 1736 quorum
759 1636 977 1733 operimenta
997 1635 1162 1709 validiora
1187 1693 1198 1726 ,
1223 1636 1428 1736 insitumque
1450 1637 1550 1713 soetui
1576 1641 1637 1716 ali·

407 1753 567 1810 mentum
583 1733 724 1811 solidum
734 1731 1098 1834 magis,llipatumque
1116 1735 1401 1830 deprehenditur.¹
1419 1737 1636 1815 Nectamcn

337 1851 340 1857 ¹
406 1836 516 1909 etiam
535 1837 571 1908 in
583 1833 848 1933 languidioribus
864 1829 1016 1927 stirpium
1032 1831 1231 1922 seminibus,
1242 1856 1304 1930 per
1319 1855 1478 1909 externas
1489 1835 1635 1935 injuriat

409 1931 509 2009 sacili
529 1933 762 2030 expugnabilis
779 1931 956 2004 vivacitas.
1007 1928 1236 2026 Laserpitium
1257 1931 1444 2028 spontaneo
1472 1955 1551 2008 orto
1570 1957 1633 2010 na·

410 2051 484 2106 tum
502 2029 656 2104 referunt
672 2029 826 2103 notiores
847 2027 993 2103 Graeciae
1015 2028 1211 2121 clarissimi,
1238 2031 1348 2104 imbre
1375 2033 1478 2128 piceo
1501 2055 1633 2130 repen.

408 2149 446 2204 te
461 2128 655 2204 madesadia
681 2129 828 2203 tellure:
854 2149 1001 2224 eamque
1026 2126 1097 2200 vini
1125 2151 1188 2222 per
1210 2150 1354 2226 quatuor
1381 2131 1471 2203 mille
1498 2129 1630 2208 Asri'cae

279 2231 282 2240 “
409 2227 519 2304 stadia
542 2221 679 2301 valuisse
703 2225 886 2300 confirmat
904 2224 1041 2299 Plinius.
1070 2225 1122 2300 lta
1145 2227 1267 2323 pluviis
1289 2227 1506 2325 &aquarum
1527 2229 1630 2307 inuri-

409 2327 604 2401 dationibus
622 2322 735 2415 stlvas,
761 2325 818 2398 ubi
837 2321 928 2420 prius
946 2347 1016 2397 nori
1039 2343 1162 2412 erant,
1188 2323 1363 2400 surrexisse
1383 2383 1394 2416 ,
1418 2325 1630 2424 Theophra-

408 2423 460 2500 sto
479 2423 662 2498 credimus.
713 2423 790 2497 Nec
817 2423 959 2498 dubium
983 2419 1060 2512 eli,
1087 2441 1266 2520 utrumque
1293 2423 1505 2524 contigisse,
1579 2427 1628 2502 od

404 2523 606 2622 corpuscula
625 2520 820 2611 seminalia,
844 2539 952 2594 vento
968 2518 1196 2625 imbribusque
1214 2525 1377 2618 abrepta,
1403 2449 1624 2622 quiriniltuam

407 2621 608 2696 facultatem
626 2619 716 2693 haud
738 2619 983 2716 perdiderunt,
1009 2619 1120 2691 alieno
1147 2621 1314 2716 quidem,
1339 2619 1398 2696 sed
1424 2625 1509 2698 bend
1534 2645 1622 2719 pra:-

405 2737 530 2819 parato
549 2719 584 2792 in
602 2717 676 2792 solo
717 2717 865 2791 feliciter
881 2715 1040 2814 hospitari
1059 2715 1214 2815 potuisse.

458 2817 600 2916 Degunt
617 2817 651 2890 in
674 2775 759 2891 saxis
778 2811 985 2914 scopulisque
1001 2815 1140 2889 marinis
1164 2814 1380 2907 androsace,
1404 2815 1445 2892 dt
1469 2817 1625 2892 corallio-

407 2929 485 2991 tum
505 2917 625 3028 ingens
639 2915 797 2990 varietas.
849 2909 983 2987 Vivunt
996 2913 1032 2990 in
1051 2933 1226 2988 murorum
1244 2933 1436 3013 compage,
1462 2919 1624 2990 turrium-

264 3017 270 3025 '
408 3031 477 3116 que
501 3013 727 3088 altidimarum
747 3009 847 3086 minis
870 3011 1038 3101 helxine,
1064 3014 1299 3111 cymbuliria,
1325 3015 1491 3105 hederae,
1517 3015 1623 3112 licus3

404 3115 570 3208 dejure,
603 3111 642 3187 ἃ
669 3109 775 3185 veluti
799 3105 967 3186 excitatus
1002 3113 1137 3186 Seneca
1161 3111 1313 3201 scribat,
1348 3111 1623 3203 consideremus,

408 3215 511 3311 quim
536 3212 714 3310 ingentem
731 3210 802 3282 vim
817 3229 881 3305 per
900 3209 1072 3283 oecultum
1085 3231 1188 3308 agant
1210 3207 1556 3308 parvula'admoddm
1574 3209 1623 3286 se-

407 3311 522 3386 mina:
548 3309 605 3401 de,
626 3327 770 3407 quorum
788 3305 920 3382 exilitas
945 3308 980 3381 in
1000 3307 1215 3383 commilsura
1238 3309 1389 3404 lapidum
1419 3307 1480 3383 vix
1507 3311 1622 3384 locum

407 3407 585 3498 obtineat,
609 3411 797 3483 intantum
815 3401 1076 3498 convalescunt,
1101 3429 1138 3481 ut
1160 3407 1194 3480 in
1243 3407 1313 3482 ntia
1329 3407 1408 3482 saxa
1424 3404 1619 3498 distrahant,

408 3505 447 3584 ἂ
476 3525 702 3582 monumenta
735 3502 926 3583 dissolvant.
987 3505 1178 3582 Nascuntur
1217 3509 1261 3580 ub
1290 3503 1384 3604 aquis
1406 3507 1530 3604 plantae
1554 3521 1621 3582 nod

407 3606 677 3702 temperamenti
704 3605 807 3681 solum
827 3605 957 3700 frigore
983 3627 1075 3704 aque
1098 3603 1240 3702 similem
1267 3603 1326 3680 ῆι]
1352 3607 1459 3679 etiam
1487 3605 1621 3696 calida,

406 3717 447 3779 ot
465 3706 568 3794 sium,
594 3701 820 3802 bydroplper,
847 3701 1074 3804 sisymbrium,
1100 3701 1326 3780 dracontium.
1375 3701 1519 3780 Florent
1535 3704 1623 3779 sum·

406 3817 469 3878 mo
487 3798 621 3902 hyemis
638 3797 750 3901 rigore
766 3799 907 3877 ellebori
923 3801 1032 3902 nigri,
1054 3801 1093 3878 dt
1114 3801 1172 3878 sub
1200 3804 1371 3878 montium
1391 3800 1621 3877 altissimorum

403 3895 543 3977 nloibue
561 3901 751 3977 incolumes
773 3897 938 3998 persistit,
964 3899 1153 3992 ciliorum,
1178 3899 1360 3992 ledorom,
1393 3899 1620 4001 similiumque

404 3995 643 4078 srutieosarom
675 3995 831 4100 liirplom
861 4003 982 4102 iugem
1008 3999 1168 4081 voletam
1237 3997 1356 4080 Mirati
1391 4020 1555 4174 veteressr,
1586 3999 1620 4072 in

957 4133 961 4140 ·
1539 4117 1619 4174 onte
