3518 4596
366 304 377 312 ’
425 355 516 440 ¹140
693 423 695 426 ,
778 332 845 441 Jo.
876 312 1071 446 Vestingii
1086 329 1325 440 Paraeneses

764 521 865 584 -’
876 519 938 616 srd
961 525 1041 596 lenti
1052 525 1186 596 viminis
1206 524 1341 616 arbor,
1437 587 1440 594 .
1511 589 1515 596 .

581 622 661 696 Non
685 626 863 713 expectans
880 623 972 693 darer
989 623 1225 694 admirantibus
1241 623 1390 713 umbras,

435 715 636 792 Aristoteles
662 715 734 810 ipse
768 714 894 790 lcitum
920 717 1071 815 ligneum
1101 739 1193 792 tetra
1219 715 1417 808 deiollum,
1455 715 1657 816 germinare

434 815 599 912 potuiffe,
623 838 692 887 non
718 816 854 890 abnuit:
881 813 1051 914 &quidni
1072 817 1240 912 potuerit,
1278 839 1377 914 quam
1404 815 1462 891 diu
1488 817 1663 913 perseve-

433 912 623 988 iantemin
647 915 738 986 lenta
760 912 906 986 materie
924 915 1111 1012 genitalem
1136 913 1338 1006 humorem,
1363 916 1568 1014 insitumque
1587 914 1657 990 hu·

435 1012 525 1185 qtoti
551 1011 701 1086 calorem
727 1009 970 1104 ornaturam,
1002 1033 1147 1088 externa
1171 1013 1223 1088 vis
1246 1013 1382 1110 penitis
1412 1012 1505 1090 haud
1532 1011 1658 1091 excus-

453 1129 536 1186 erat

484 1211 560 1286 imo
576 1229 751 1307 corruptas
763 1209 899 1307 penitis
913 1207 1075 1307 sensuque
1098 1206 1213 1284 nostro
1237 1210 1337 1308 plani
1353 1206 1539 1300 destruiias
1555 1210 1656 1306 plan-

434 1328 515 1398 tas,
551 1333 620 1382 non
648 1307 833 1382 destituere
864 1309 1017 1405 protinus
1043 1307 1241 1384 seminalem
1274 1311 1374 1398 vim,
1408 1308 1494 1404 sape
1530 1309 1656 1383 docuit

433 1408 562 1481 illarum
584 1408 760 1503 inopinata
782 1407 1036 1505 regerminatio.
1096 1407 1288 1495 Somnum,
1316 1432 1385 1502 prae
1404 1407 1539 1504 reliquis
1571 1407 1657 1480 her·

433 1505 486 1581 bis
511 1505 677 1580 familiare
703 1505 814 1580 suibus
839 1506 1076 1593 alimentum,
1100 1527 1144 1578 ex
1170 1529 1288 1578 eorum
1322 1506 1558 1579 excrementis
1590 1529 1656 1602 per

433 1627 576 1701 campos
601 1607 616 1676 l
637 1604 734 1694 arsis,
758 1605 884 1678 iterum
910 1602 1001 1677 nasci
1029 1601 1182 1700 agricolis
1196 1603 1354 1677 innotuit.
1404 1604 1527 1702 Neque
1561 1603 1656 1678 aliud

431 1704 558 1800 ¹opinor
582 1629 635 1776 etl
640 1760 651 1793 ,
676 1704 767 1800 quod
792 1701 994 1798 vegetabilis
1020 1722 1145 1775 natura
1166 1701 1455 1798 perseverantiam
1473 1702 1586 1798 magis
1604 1702 1656 1776 as·

434 1801 541 1893 serat,
574 1805 676 1898 quim
700 1801 881 1874 artificium
907 1799 1059 1873 virorum
1083 1801 1180 1896 praxi
1207 1799 1414 1874 Hermetica
1438 1800 1655 1891 celebrium,

434 1925 504 1999 quo
528 1897 684 1973 diliuluta
709 1898 858 1972 rosamm
884 1921 1073 1996 compage,
1099 1895 1348 1996 combustisque
1367 1921 1445 1972 cum
1466 1897 1574 1995 stirpe
1600 1923 1657 1972 ra-

433 1999 521 2088 mis,
549 1999 632 2071 dum
660 1996 809 2070 elicitum
826 1995 1014 2090 spiritum,
1038 1993 1077 2069 δι
1101 1996 1121 2070 ὲ
1145 1994 1314 2070 cineribus
1334 1994 1513 2070 coltellum
1533 1995 1654 2086 salem,

426 2096 579 2170 -humido
596 2115 777 2193 teneoque
792 2093 968 2168 elemento
985 2093 1096 2190 perite
1110 2095 1273 2192 jungunt,
1301 2118 1371 2168 non
1396 2093 1466 2168 fine
1495 2093 1656 2191 spetian-
1754 2131 1755 2140 κ

433 2196 522 2271 tium
549 2191 680 2292 plausu,
707 2191 858 2292 ejusdem
879 2212 1006 2268 naturae
1031 2213 1073 2266 ac
1095 2192 1221 2288 speciei
1251 2190 1361 2285 rosas,
1385 2191 1493 2268 veluti
1511 2216 1558 2268 ex
1582 2193 1654 2270 Ot-

437 2318 481 2370 co
508 2296 544 2370 in
569 2294 682 2369 lucem
705 2311 970 2368 revocaverunt.
1119 2380 1124 2387 Ι

772 2435 868 2456 .....
893 2407 979 2462 caret
997 2387 1147 2462 Phenica
1154 2388 1295 2484 secunda

625 2491 791 2580 Mundus,
815 2490 858 2571 Θ
876 2489 966 2561 haud
984 2489 1085 2560 ullum
1103 2484 1197 2578 fovit
1214 2492 1340 2560 Cutina
1365 2498 1531 2580 resaluta,

428 2589 541 2686 inquit
559 2585 765 2662 dottiffimus
788 2584 972 2682 satyricus.
1022 2584 1266 2659 inanimantia
1290 2585 1326 2659 id
1340 2586 1499 2683 quidem,
1522 2582 1562 2659 ἃ
1579 2581 1650 2658 ho·

429 2687 561 2762 minem
587 2684 807 2773 conveniat,
842 2707 912 2758 nott
944 2681 1109 2757 convenit
1141 2683 1176 2756 in
1200 2683 1351 2778 plantas,
1388 2685 1510 2781 quibus
1534 2679 1652 2756 veluti

429 2784 657 2880 multiplicem
684 2781 846 2856 nascendi
866 2781 961 2854 viam
988 2780 1140 2856 sternere
1163 2781 1270 2854 voluit
1294 2777 1438 2858 catellis
1465 2780 1651 2878 indulgen·

428 2883 497 2977 tia}
529 2882 576 2956 stc
604 2882 777 2956 internum
800 2878 1031 2978 generationis
1060 2876 1291 2977 principium,
1342 2877 1522 2970 activum,
1544 2899 1652 2976 atque

428 3000 468 3054 ut
492 3004 572 3055 cum
596 2977 782 3056 Aristotele
808 2979 926 3075 loquat
957 2991 1142 3073 ιωμοτερρι
1174 2985 1307 3060 αἰτίη,
1351 2975 1488 3050 causam
1515 2977 1650 3074 princi·

427 3102 529 3176 pem,
556 3077 755 3154 utilioribus
778 3075 922 3152 vinculis
950 3074 1104 3174 subJeuo
1130 3074 1201 3150 five
1226 3075 1378 3152 materia
1403 3075 1539 3173 alligare
1568 3077 1648 3172 pla·

432 3197 516 3253 emt.

475 3277 552 3372 Jatn
569 3271 700 3350 semina
724 3269 793 3368 ipsa
821 3272 1031 3369 plantarum,
1059 3274 1214 3370 quamvis
1242 3269 1338 3346 rudia
1371 3269 1475 3368 vulgo
1499 3267 1653 3362 videan-

426 3393 505 3466 tur,
530 3371 569 3449 ἀ
590 3392 771 3448 contemta
785 3391 913 3446 natura
935 3395 1058 3466 opera:
1086 3370 1225 3467 propius
1244 3391 1362 3444 tamen
1376 3367 1415 3444 ἃ
1436 3367 1540 3466 aquis
1557 3392 1650 3466 pon·

366 3549 370 3554 ,
424 3471 563 3546 cleribus
580 3473 801 3560 examinata,
824 3470 977 3545 maxima
991 3469 1084 3558 sunt,
1112 3491 1213 3568 atque
1232 3466 1539 3566 optimaejusdem
1567 3467 1647 3564 opi·
1754 3551 1755 3554 Ἴ

427 3569 534 3659 ficia,
559 3593 719 3666 quaque,
743 3566 987 3666 Theophrasto
1012 3566 1176 3658 censore,
1212 3571 1255 3642 ab
1278 3566 1403 3640 eadent
1429 3565 1492 3640 nifi
1515 3565 1651 3641 vitibus

401 3743 404 3748 .
428 3667 590 3758 omnibus
610 3669 833 3755 confirmata,
857 3667 1003 3765 produci
1029 3685 1213 3766 nequeant.
1265 3664 1459 3742 Continent
1479 3663 1575 3738 enon
1596 3663 1651 3738 se·

426 3767 521 3842 mina
540 3789 613 3864 quae
633 3764 869 3839 maturitatem
889 3766 1042 3862 adepta,
1080 3788 1152 3841 non
1179 3784 1315 3841 tantum
1352 3787 1426 3860 qure
1453 3761 1499 3837 ad
1520 3763 1649 3859 planta

348 3899 351 3908 ¹
426 3865 572 3940 novellae
599 3859 881 3938 constitutionem
912 3862 1101 3938 neceffaria
1129 3864 1233 3960 sunt,
1266 3861 1326 3938 secl
1359 3858 1467 3936 etiam
1491 3860 1649 3960 ejusdem
1754 3925 1755 3936 ,

430 3959 621 4042 constitute
638 3960 950 4042 conservationem.
1002 3965 1119 4063 Atque
1134 3961 1210 4043 ltaec
1230 3985 1274 4040 ea
1290 3961 1388 4056 sunt,
1414 3985 1488 4066 quae
1513 3959 1648 4134 Arigllo·

858 4121 861 4126 .
1557 4079 1572 4134 t
1605 4077 1644 4132 ea
