3582 4584
436 427 446 438 .
457 385 535 460 302
801 423 807 479 3
865 353 1258 474 Jtanru'rstestirgr‘i

453 553 566 652 quitur
582 551 744 643 Tacitus,
769 552 996 648 pavescerent
1014 555 1123 630 venoe'.
1173 551 1301 630 Plinius
1323 552 1509 629 incidentis
1524 577 1663 630 mamm

455 651 578 726 artifici
605 670 881 751 temperamento
904 651 1059 727 libratam
1080 653 1204 743 refert,
1229 655 1357 752 nequid
1387 655 1475 728 ultra
1497 653 1660 728 corticem

453 749 648 828 violaretur.
688 753 741 826 lta
757 749 911 840 Solous,
935 751 1087 847 plantam
1102 751 1225 826 artifici
1242 755 1341 851 plaga
1360 754 1575 828 vulneratam
1587 753 1660 828 suis·

454 849 489 924 se
508 850 633 925 scribit.
684 847 774 927 Haec
790 847 908 922 animo
932 849 1200 924 obversabantur
1219 877 1301 926 meo
1327 851 1456 944 Pitori,
1481 875 1563 926 cum
1590 851 1664 927 scri-
1774 869 1775 918 l

454 952 595 1038 berem,
618 969 793 1044 quocunque
818 964 927 1022 tamen
951 952 1090 1040 artificio
1114 958 1157 1038 fit
1173 955 1316 1044 elicitas,
1334 955 1516 1050 ¹legitimam
1534 953 1667 1049 balfirrni

454 1055 594 1143 antiquis
609 1045 861 1142 cognitisrrccum
879 1051 957 1141 effi,
983 1046 1020 1121 ἃ
1043 1047 1260 1122 artificiosum
1276 1049 1450 1124 educendi
1466 1050 1612 1123 modum
1632 1051 1667 1124 in

454 1165 598 1241 utroque
615 1140 829 1238 spetiabam,
855 1163 925 1217 tarn
945 1145 1002 1242 qui
1020 1144 1128 1219 diviso
1147 1147 1320 1222 frondium
1338 1149 1466 1222 cortice
1487 1149 1665 1243 ploravit3

455 1245 556 1340 quim
584 1243 641 1338 qui
670 1241 790 1314 caloris
811 1242 975 1342 synergia
1000 1243 1159 1318 collestus
1181 1241 1242 1321 est.
1295 1247 1400 1337 scio,
1432 1247 1563 1349 majoris
1591 1246 1668 1321 esse

454 1364 586 1434 operae,
612 1357 713 1436 atque
731 1341 820 1414 aded
837 1341 1071 1438 pyrotechniae
1094 1365 1164 1416 non
1191 1344 1342 1442 ignobile
1367 1343 1558 1442 specimen,
1579 1345 1663 1419 resr-

452 1437 573 1511 nosum
602 1437 694 1512 hunc
728 1437 1061 1536 succum,partibus
1087 1440 1449 1542 terreir,aquos1sque
1479 1441 1664 1542 sejungere.

455 1537 616 1611 Eundem
637 1555 776 1627 tamen,
802 1557 840 1610 ut
861 1538 941 1610 artis
959 1535 1029 1630 est,
1054 1537 1267 1636 separatum,
1292 1560 1405 1638 neque
1423 1541 1668 1615 additamentis
1774 1603 1775 1636 ,

453 1635 767 1734 heterogeneorum
783 1636 854 1710 ullis
875 1635 1052 1727 vitiatum,
1078 1637 1168 1712 haud
1185 1639 1297 1712 minus
1313 1639 1507 1713 neutralem
1531 1639 1665 1714 balsami
1774 1639 1775 1650 ’

452 1734 617 1832 liquorem
648 1732 776 1828 affer03
802 1739 903 1832 quim
928 1735 1046 1832 picem
1070 1737 1218 1826 abietis,
1241 1739 1298 1811 vel
1320 1738 1445 1833 piceae:
1470 1735 1667 1813 saccharum

452 1831 668 1923 harundinis,
693 1833 819 1906 melleo
838 1832 939 1906 succo
962 1831 1097 1909 farsia:
1123 1837 1226 1932 quarn
1244 1837 1417 1909 naturales
1433 1835 1512 1910 sunt
1527 1839 1666 1933 plantat,

451 1957 533 2031 quas
550 1932 676 2005 blando
694 1927 896 2028 hypocausii
917 1932 1047 2022 calore,
1072 1931 1111 2007 dr
1128 1933 1311 2008 arbitrariis
1329 1932 1597 2032 irrigationibus,
1622 1936 1665 2010 ad

451 2031 610 2128 vigorem
635 2029 825 2126 floremque
852 2028 1099 2124 perducimur:
1123 2035 1225 2128 quim
1257 2031 1425 2106 naturales
1456 2029 1534 2108 sunt
1558 2035 1668 2130 pulli,

452 2153 536 2226 quos
570 2125 641 2202 stne
674 2148 824 2202 matrum
851 2129 1032 2217 incubatu,
1057 2129 1135 2203 miti
1165 2130 1343 2206 furnorrnn
1369 2132 1485 2206 calore
1506 2133 1668 2232 Aegyptii

452 2230 529 2301 ovis
560 2224 627 2300 suis
654 2227 849 2302 excludunt.
885 2229 1007 2320 Mrpesy
1027 2234 1044 2311 η’
1063 2237 1156 2322 τέχνη
1175 2231 1230 2304 ὼ*
1255 2227 1367 2320 φύσιν,
1391 2229 1548 2306 imitatur
1575 2251 1669 2306 natu-

451 2351 525 2400 ram
543 2349 615 2414 ars,
640 2326 749 2423 inquit
769 2323 990 2415 Aristoteles,
1012 2326 1232 2427 &quicquid
1252 2329 1307 2400 illa
1334 2327 1463 2402 viribus
1483 2328 1549 2404 stris
1579 2329 1667 2404 haud

451 2421 652 2522 assequitur,
677 2423 795 2498 innixa
814 2445 943 2499 naturae
961 2424 1075 2501 fulcris
1095 2447 1167 2518 ars,
1193 2427 1313 2503 aemrla
1334 2445 1540 2526 organorum
1564 2429 1669 2528 appli-

321 2541 323 2546 ·
451 2543 588 2598 catrone
603 2523 761 2620 perlicit,
786 2522 824 2597 dr
841 2522 1067 2599 consummat.

499 2624 558 2696 Te
577 2621 646 2694 duo
660 2621 736 2699 sunt
755 2645 828 2720 quae
850 2621 1048 2700 involvunt:
1073 2623 1241 2720 primdm,
1258 2625 1357 2722 quod
1377 2621 1567 2700 hermetica
1586 2643 1672 2698 ana·

451 2719 510 2818 lysi
530 2721 680 2794 collesiae
700 2719 842 2795 balsami
860 2722 1043 2819 lacrymat,
1068 2720 1168 2796 valde
1184 2726 1204 2798 l
1223 2724 1344 2796 natura
1360 2720 1417 2798 sua
1431 2720 1575 2798 diverse
1594 2723 1667 2814 sint,

453 2838 555 2920 atque
573 2820 722 2893 alteratae
735 2819 778 2892 ‘vi
793 2819 898 2918 ignis:
924 2822 969 2895 de
999 2843 1067 2920 quo
1092 2839 1172 2896 curn
1200 2819 1312 2896 Plinio
1330 2822 1487 2911 dubitas,
1511 2822 1609 2919 plura
1623 2845 1669 2898 nc

449 2919 578 3017 pariat,
605 2939 649 2993 an
668 2918 802 3014 perdat.
853 2919 1028 3010 Alterum,
1052 2919 1147 3019 quod
1162 2919 1215 2996 ct.
1233 2918 1355 2995 Petrus
1370 2915 1556 3013 Castellur,
1583 2921 1668 2997 hanc

449 3041 523 3118 quae
542 3017 688 3090 Vulcani
707 3016 881 3092 beneficio
905 3019 1080 3118 peragitur
1101 3017 1237 3091 balsami
1254 3015 1529 3111 extradtionem,
1555 3019 1592 3095 in
1611 3021 1668 3097 du-

446 3119 545 3192 bium
559 3135 678 3192 vocet.
729 3116 788 3190 De
807 3116 921 3213 primo
943 3115 1139 3192 srvtacuisles
1156 3115 1291 3206 Pitori,
1330 3137 1367 3192 te
1393 3117 1667 3196 tradidissemin

451 3212 631 3289 artificiosa
650 3210 826 3290 miliorum
845 3214 1080 3307 dissolutione,
1105 3217 1151 3292 de
1162 3238 1231 3314 qua
1248 3215 1363 3291 Plinio
1378 3215 1492 3294 sermo
1510 3239 1582 3295 non
1597 3219 1663 3312 cst,

421 3345 425 3352 ·
448 3313 567 3388 saltem
585 3313 808 3388 mediocriter
827 3313 1009 3391 versatum.
1060 3310 1159 3390 Nosti
1179 3313 1350 3390 diversum
1376 3313 1448 3390 effe
1469 3317 1559 3416 ignis
1586 3317 1668 3394 elie·

448 3411 560 3499 sium,
586 3413 611 3486 sr
633 3414 756 3510 gradus
774 3414 894 3490 caloris
911 3414 1063 3490 diversus
1080 3409 1141 3488 en
1170 3411 1278 3489 Hunc
1293 3433 1409 3488 autern
1429 3417 1531 3489 rebus
1553 3419 1591 3494 in
1604 3420 1668 3494 ele

448 3529 569 3590 menta
591 3508 647 3583 sua
668 3511 889 3604 dirimendis,
915 3513 1166 3608 convenienter
1185 3513 1372 3604 adhibere,
1386 3530 1456 3586 non
1468 3511 1668 3611 idiotae,sed

377 3633 382 3643 ·
450 3607 589 3690 artificis
604 3609 706 3706 periri
726 3629 848 3687 munus
868 3611 929 3689 elb
965 3612 1279 3708 Quemadmodum
1299 3613 1341 3689 dt
1356 3610 1574 3708 emisga&
1602 3617 1667 3694 five

327 3702 328 3723 ¹
448 3708 641 3810 strlaginem
657 3707 862 3804 corrigere,
895 3713 1006 3811 liqna
1034 3731 1098 3810 per
1118 3713 1237 3811 ignem
1260 3712 1463 3786 validiorem
1492 3715 1669 3792 taunasis

449 3809 581 3898 suisset,
608 3825 645 3883 ut
667 3808 802 3883 abunde
820 3827 858 3882 te
877 3813 1071 3902 docebunt,
1098 3813 1156 3912 qui
1174 3813 1248 3888 lrsec
1271 3809 1666 3912 enchirematastriptis,

447 3909 487 3984 &
507 3924 614 4004 opere
634 3907 852 4006 profitentur.
879 3906 918 3986 In
937 3910 1067 4003 altero,
1092 3911 1193 3988 facile
1202 3913 1368 4028 pertram
1376 3907 1604 3989 doetiffimum
1615 3913 1668 3986 vi·

447 4029 525 4082 rum
545 4005 642 4084 sensu
659 4006 719 4088 suo
738 4009 924 4127 abundate.
949 4008 1137 4096 Diversum
1151 4033 1251 4093 eninr
1261 4011 1388 4092 isdem
1404 4008 1444 4090 in
1463 4018 1669 4187 rebmteqq·

1661 4161 1674 4201 s
