3544 4592
239 285 1148 370 nnrnnnnrsmorrrr.
1272 291 1401 398 ην
1523 335 1576 372 .·

31 547 32 550 ,
102 471 185 572 potui
207 467 390 562 succum,
413 468 471 569 qui
491 493 556 567 pro
584 467 699 569 Lycio
713 467 965 545 circumfertur.
996 467 1087 545 inter
1113 467 1261 544 calidum
1285 469 1338 546 &=

101 572 252 672 inigidum
273 570 446 646 medium
469 567 696 647 constituunt:
730 569 789 644 sed
812 568 910 667 supra
932 569 1081 666 primurn
1100 570 1243 670 'gradtnn
1262 569 1326 646 nc-

102 697 187 760 cum,
218 666 437 766 stipticum,
470 670 618 766 proinde
648 667 807 744 omnibus
841 667 1011 744 ulceribus
1050 671 1122 743 loto
1166 687 1325 760 utuntur,

101 769 363 866 gasemimque
379 769 422 842 ad
444 767 536 862 oris,
562 765 716 860 aurium,
739 766 891 860 narium,
915 764 995 856 ani,
1020 766 1325 866 intestinorumque

102 869 212 941 uicem.
226 865 323 941 usias
344 865 518 942 maximus
542 863 593 942 est
610 866 648 940 in
669 865 813 964 coliyriis
829 865 874 940 ad
891 865 1118 962 ophthalmiam
1136 867 1325 958 arcendas,

104 966 247 1042 muneres
276 966 388 1041 enim
416 988 573 1062 paratum
593 965 810 1042 linimentum
838 989 885 1040 ex
904 965 1021 1062 Lycio
1052 964 1091 1041 δε
1121 965 1326 1040 Antimonio

108 1063 239 1152 habent,
266 1089 351 1163 quo
372 1063 524 1162 quotidie
548 1065 666 1138 oeulos
693 1063 835 1156 liniunt,
860 1082 900 1136 ut
923 1064 1043 1140 oculos
1065 1063 1256 1143 defendant
1278 1067 1334 1146 ab¹

102 1161 276 1236 humorum
297 1163 527 1237 fluxionibus.
551 1187 596 1238 eo
613 1161 720 1238 etiam
736 1160 783 1236 illi
798 1163 843 1236 ad
863 1161 993 1236 ventris
1011 1163 1141 1238 fluxum
1163 1183 1324 1257 utuntur,

102 1281 161 1333 non
175 1259 374 1360 minusque
390 1262 435 1335 ad
451 1256 692 1357 dysenteriam.
726 1259 783 1334 Ad
805 1259 940 1358 sputum
958 1258 1126 1360 sanguinis
1147 1285 1193 1336 eo
1213 1262 1325 1338 maxi·

100 1379 149 1428 ma
164 1356 224 1455 spe
244 1379 418 1450 urrmtur,
444 1381 514 1432 non
544 1361 724 1458 minusque
748 1358 792 1432 ad
815 1359 905 1434 uteri
927 1359 1133 1455 profluvium
1158 1359 1325 1458 cohiben-

103 1453 198 1546 dum,
220 1481 270 1532 eo
293 1458 387 1554 pessi
417 1456 525 1532 modo
551 1455 758 1534 intromiiio:
779 1458 830 1532 ad
854 1458 1035 1554 ulceraque
1061 1459 1324 1556 pudendorum,

103 1553 283 1646 presertim
311 1556 362 1630 ad
380 1556 488 1630 caries
506 1556 599 1631 ilium
620 1555 863 1655 frequentant,
888 1556 933 1630 ad
951 1556 1104 1656 gingivas
1120 1555 1324 1638 corrosas&

104 1651 286 1748 niteram,
301 1678 376 1730 nee
394 1679 465 1730 non
487 1656 702 1730 addentium
719 1654 1005 1730 commotionem.
1024 1655 1059 1728 in
1076 1655 1324 1756 lienteriis,dy-

103 1744 272 1848 senteriis,
304 1774 412 1851 atque
428 1755 464 1826 in
483 1754 577 1829 fluunt
595 1752 783 1852 hepatieo,
819 1749 1017 1851 clysteribus
1032 1775 1077 1827 eo
1095 1754 1147 1828 uti
1165 1753 1324 1832 consueu-

107 1865 193 2016 {tt
216 1871 335 2025 itt
348 1849 1324 2052 iidffliiisiffiiffla'ffli‘issiissiii

110 2035 285 2122 humorum
306 2049 465 2123 valenter
480 2049 648 2126 defendit.
667 2074 711 2126 ex
731 2074 798 2148 quo
824 2048 933 2148 ipsum
959 2050 1164 2152 podagrieot
1186 2049 1322 2130 dolores

13 2207 15 2220 ,
105 2144 300 2240 retardare,
326 2169 548 2246 compertum
567 2145 628 2227 est.
679 2149 783 2248 Uzeg
799 2149 981 2248 appeilant.
1107 2222 1111 2228 .

562 2363 694 2442 Car.
743 2363 886 2443 XIII.

157 2579 231 2666 Ue
265 2575 458 2696 Ligustro
484 2565 961 2782 AEgmiivssiam'
990 2579 1067 2664 vel
1090 2581 1263 2673 Taman-

112 2915 348 3001 GUtLAuD.
442 2919 581 3000 Idistine
604 2941 643 2999 tu
666 2924 717 3000 ibi
750 2923 772 3000 ii
946 2923 1184 3023 AEgyptium,
1226 2925 1320 3025 quod
1335 2953 1368 2998 ιι

383 3059 385 3064 ·
449 3021 611 3122 AEgyptii
643 3022 711 3100 En
820 3078 831 3114 ,
863 3049 906 3100 ac
934 3021 1171 3098 Tamarhendi
1202 3027 1320 3124 appe}—
1390 3037 1393 3046 '

110 3105 183 3222 hut.
234 3119 288 3196 Ibi
323 3120 490 3222 siquidem
518 3119 667 3219 ipsorum
700 3122 892 3199 mannum
919 3118 989 3196 effe
1023 3139 1232 3219 proventum
1259 3147 1319 3200 au-

113 3207 176 3286 tho-
198 3215 357 3298 ALPIN.
409 3219 592 3318 Saepirsnnd
607 3219 757 3318 inspexi,
779 3219 896 3336 ibique
921 3241 965 3296 ea
983 3223 1085 3296 arbor
1105 3221 1219 3298 trime
1267 3221 1320 3300 io·

113 3302 224 3389 fiffima
244 3313 326 3408 est,
358 3339 435 3396 tum
457 3317 564 3394 etiam
595 3319 754 3396 omnibus
776 3323 964 3396 notrffima:
994 3319 1129 3396 etenim
1157 3343 1204 3395 ex
1240 3320 1318 3400 oliie

114 3423 229 3510 magna
256 3415 317 3492 ubi
349 3421 437 3496 fiunt
470 3419 684 3496 commercia
709 3473 720 3510 ,
742 3419 889 3494 vetenim
918 3417 960 3494 iia
991 3435 1131 3494 utunnrr
1169 3419 1213 3500 ad
1250 3421 1319 3498 tin-
1416 3443 1422 3456 ·

112 3511 255 3599 gendum
272 3539 381 3594 aureo
399 3517 525 3594 colore.
575 3517 673 3594 Vere
688 3517 763 3593 hae
784 3521 885 3597 arbor
897 3515 1058 3618 ligustro
1081 3517 1195 3594 srmilia
1212 3541 1319 3618 appa·

116 3623 191 3702 ret,
215 3613 355 3691 floribus
393 3611 624 3716 srusiibusque
664 3640 752 3694 exce
778 3617 845 3709 tis,
878 3616 913 3692 in
954 3620 1074 3716 quibus
1096 3615 1234 3694 videtur
1258 3619 1318 3694 ali-

115 3721 172 3796 qm
186 3709 418 3790 dissimilitudo
433 3714 525 3790 inter
542 3715 720 3806 Elhanne,
806 3714 998 3820 ligustrum,
1024 3739 1104 3791 narn
1124 3717 1187 3792 etsr
1210 3716 1314 3794 flores

116 3811 311 3886 raternan'm
374 3813 472 3890 rindd
490 3833 593 3920 atque
616 3813 751 3930 ligustra
768 3816 945 3916 spargant,
970 3835 1088 3892 tamen
1109 3815 1147 3892 δε
1174 3814 1316 3914 nolore,

114 3893 285 4008 &signu
309 3837 374 3993 ἴ
365 3912 474 3990 odore
490 3916 533 3994 ab
547 3913 600 3994 n‘s
621 3913 794 3996 daffentnt
820 3917 945 3994 florum
966 3912 1135 4014 siquidem
1155 3911 1314 3995 unone

1239 4035 1313 4094 non
