3518 4596
427 475 433 488 Ι
526 361 586 452 'aad
599 387 686 454 ram
702 359 968 452 Herbara'am.
1187 363 1189 370 ’
1260 391 1332 454 101

263 565 435 663 Etplavia
450 566 569 664 ingemi
572 563 655 663 sm
670 564 767 642 diluit
790 601 806 624 ·
829 602 846 623 ·
872 603 888 622 -
1088 623 1091 628 -

262 669 336 740 Aut
346 687 418 740 cum
431 665 555 758 trusus
568 688 643 762 ager
659 666 860 740 morientibus
875 663 988 759 estuat
1001 658 1117 741 hebui

131 762 208 840 Has
227 761 319 838 enim
333 784 440 838 noxas
456 759 717 853 vermiculatio,
740 760 888 862 rubigo,
911 758 1337 868 nderauo‚sphace1usque

15 889 16 892 ¹
133 859 332 952 comitatur,
355 859 443 936 vitia
456 884 537 936 cum
552 859 790 936 internecione
807 861 998 958 plantarum
1017 861 1209 962 conjuncta.
1243 869 1340 945 Con·

131 957 338 1034 formatione
358 960 519 1036 morbosa
535 959 623 1036 liunt
646 959 872 1060 vegetabilia,
908 983 989 1035 cum
1016 959 1185 1058 impedita
1211 961 1339 1058 Plaliea

132 1057 278 1150 Natura,
302 1058 360 1132 vel
381 1055 614 1157 corpusculum
637 1057 787 1155 ipsorum
810 1077 945 1151 totum,
970 1059 1027 1134 vel
1045 1079 1159 1157 partes
1183 1061 1339 1161 aliquot,

132 1156 304 1248 minutas,
330 1155 491 1254 asperas,
522 1179 673 1249 curvas,
708 1154 842 1257 aliisque
861 1157 975 1232 modis
1001 1178 1125 1256 preter
1149 1153 1340 1236 institutum

131 1275 305 1330 contortas
328 1255 499 1352 producit.
551 1255 649 1331 Unio
667 1254 775 1352 perit,
800 1279 880 1332 cunr
922 1253 980 1329 uid
999 1255 1148 1332 abscessu
1165 1258 1343 1355 praetmni-

14 1355 16 1384 ¹
132 1353 231 1446 dun,
255 1354 400 1428 vulnere
416 1353 587 1442 saucium,
611 1352 769 1452 rimisque
785 1351 897 1430 fillum
971 1351 1025 1428 rit.
1051 1356 1225 1432 Cctcntm
1244 1356 1340 1456 cgri-

130 1453 264 1528 ordines
281 1451 469 1544 humanas,
494 1449 666 1526 interdum
684 1452 752 1524 sola
770 1450 833 1525 suis
848 1451 977 1564 pollent
993 1449 1128 1526 viribus·
1139 1453 1269 1529 Natura
1279 1479 1343 1529 ex·

130 1551 242 1649 pellit,
269 1551 402 1649 quoties
425 1572 533 1660 onere
551 1545 732 1624 molestum
749 1545 947 1661 sangiunem
966 1549 1091 1645 apertis
1109 1574 1274 1628 venarum
1287 1551 1339 1628 os·

129 1649 210 1726 culis
226 1649 408 1738 excludit,
431 1647 619 1745 noxiosque
647 1646 765 1722 succos
783 1649 865 1721 ahos
888 1669 953 1745 per
977 1645 1097 1720 dubius
1126 1649 1341 1748 corporis&

130 1767 262 1824 meatus
286 1747 449 1824 eliminat.
502 1746 679 1822 interdum
699 1744 764 1819 arti
783 1747 911 1821 corolla
925 1745 1073 1821 debetur
1095 1801 1106 1836 ,
1130 1751 1263 1846 quoties
1288 1748 1342 1825 vi·

129 1845 188 1941 dia
211 1846 467 1944 propemodum
486 1847 505 1922 i
525 1848 648 1920 morbo
673 1843 811 1952 Naturae
833 1843 1003 2017 spppetias
1021 1841 1150 1921 affert:
1183 1869 1341 1942 cumpca

130 1943 344 2041 AEsculapios
360 1943 436 2018 suos
462 1942 641 2018 reduiium
664 1943 713 2018 ab·
731 1965 817 2017 orco
881 1943 1061 2040 ippolitur'n
1084 1943 1120 2016 in
1134 1963 1231 2020 auras
1250 1945 1341 2019 vita·

129 2043 175 2118 let
194 2042 362 2120 vindicat
412 2041 549 2118 Eadem
571 2041 606 2115 in
627 2041 884 2138 plautianum,
910 2041 948 2115 in
966 2041 1085 2140 quibus
1101 2042 1341 2142 egritudinum

129 2140 297 2239 impetum
315 2163 557 2239 nonnunquam
580 2137 649 2212 sola
667 2139 798 2213 Natura
817 2138 965 2216 sustinet.
1007 2141 1098 2216 Cum
1114 2159 1256 2238 gravata
1274 2139 1339 2216 hu·

129 2239 325 2316 miditatum
352 2239 482 2338 copia,
508 2239 673 2336 lacrymat
688 2235 752 2312 viti
772 2291 783 2327 ,
807 2259 918 2335 pnmo
939 2236 1149 2336 cerasoquc,
1181 2239 1340 2340 gummi,

127 2337 270 2414 lentisco
291 2337 330 2414 dc
348 2337 546 2416 terebintho
562 2335 688 2423 resinae
701 2392 719 2427 „
736 2333 857 2415 salubri
873 2335 1009 2432 penitus
1022 2355 1153 2412 eventu
1167 2337 1340 2435 exprimit.

125 2437 341 2552 Frequenter
358 2440 402 2512 ab
424 2457 498 2552 arte
521 2430 712 2550 presidium
734 2434 858 2532 plantis
881 2433 1007 2527 venit,
1032 2453 1155 2549 utpote
1173 2460 1246 2549 quae
1266 2435 1340 2550 nas·

122 2531 852 2744 lllbll.tll⁰l{llldllldllla
866 2532 1341 2726 {ltmlllllllll

127 2733 272 2808 odorum
296 2732 502 2832 gravitatem
529 2729 663 2806 infima
688 2727 720 2802 fr
781 2747 874 2805 antra
895 2747 1119 2822 commutat,
1157 2730 1196 2806 dt
1214 2731 1341 2829 simpli-

126 2853 200 2908 cem
223 2833 348 2944 slorum
363 2830 546 2944 babitum,
569 2826 688 2904 Protei
703 2827 738 2902 in
771 2828 1015 2942 ar,rnultiplici
1030 2827 1218 2943 formarum
1228 2830 1341 2942 varie-

126 2925 1346 3126 llil“ludi..illldlllllllllrtzltltlltllli
1434 3002 1437 3010 '

126 3125 254 3203 lescere
276 3125 400 3215 docet,
424 3143 473 3215 ut,
490 3126 671 3199 attinente
683 3125 848 3216 Marone,

276 3225 387 3299 Exeat
400 3226 446 3296 ad
465 3227 573 3296 calum
589 3227 689 3296 ramis
696 3223 848 3314 felicibus
863 3225 985 3316 arbor,

273 3325 477 3418 Miretarqur
491 3344 591 3394 novas
605 3320 760 3418 frondes,
786 3321 828 3403 ὅ
849 3323 979 3413 nonsua
992 3341 1098 3414 poma.
1168 3414 1176 3431 ι

128 3415 226 3510 Eat
251 3417 380 3517 ingenii
395 3417 533 3492 humani
550 3429 769 3514 portentum!
795 3439 865 3488 non
887 3414 1071 3513 defuerunt
1089 3415 1349 3514 nocrpsosecu-

126 3515 291 3596 bvirbti
306 3515 410 3605 novi,
434 3515 492 3627 qui
509 3513 681 3590 deliratio
695 3514 787 3611 jam,
813 3508 994 3625 combusso
1019 3537 1062 3588 ue
1081 3515 1202 3612 plante
1221 3541 1344 3615 corpo-

125 3619 212 3708 re,d
231 3613 400 3692 soecundia
423 3613 592 3690 cineribus
607 3611 757 3710 lepidam
774 3612 978 3709 vegetabilis
997 3539 1167 3688 ihaemcis
1185 3617 1343 3690 umbram

128 3709 335 3808 liermctica
364 3734 471 3810 opera
497 3713 533 3788 in
564 3712 677 3786 lucem
696 3729 915 3785 revocarunt.
966 3708 1167 3786 Humanum
1201 3713 1344 3787 tandem

128 3832 273 3911 corpus,
297 3811 388 3910 quod
415 3810 495 3887 vitae
509 3831 654 3885 munere
674 3810 747 3906 jam
764 3807 982 3906 perfundum
1002 3865 1013 3899 ,
1034 3811 1137 3885 m'elle
1156 3809 1346 3892 condiviffe

128 3931 286 4002 veteres,
312 3908 402 4008 apud
420 3909 693 4008 Xenophontem
715 3909 870 4006 legimus.
920 3906 1039 3984 Simile
1064 3909 1109 3983 de
1125 3907 1246 4005 plantis
1270 3911 1337 4007 fit,

129 4029 271 4104 quarum
287 4009 344 4086 vel
359 4007 493 4107 integra
516 4031 662 4108 corpora
684 4062 696 4104 ,
718 4007 955 4181 velpatrtea1²1
973 4005 1134 4086 saccharo
1159 4023 1216 4082 aut
1239 4009 1343 4086 melle

976 4125 997 4200 3
1279 4125 1349 4181 re.
