3544 4592
499 409 1496 609 meorumnam

273 743 275 748 ·
392 693 541 794 solum
589 683 900 824 sapientill'rmi
948 681 1257 828 Philosophi,
1314 699 1437 796 inter
1481 667 1612 842 nuos

391 828 728 947 Democritus,
751 825 879 936 “clari
919 831 1121 926 nominis
1160 836 1257 945 vir,
1294 827 1423 938 istius
1461 841 1638 944 lcien-2·

394 971 470 1065 tia
507 997 667 1063 amore
706 961 874 1062 multas
912 971 1126 1094 regiones
1166 975 1472 1103 peragravit,
1526 1011 1614 1074 ve..

392 1138 497 1202 rum
535 1105 678 1200 etiarn
711 1104 907 1210 maximi
944 1110 1101 1235 Reges
1142 1103 1377 1242 (quorum
1416 1114 1614 1210 nomina

393 1241 442 1338 id
483 1233 793 1374 fignificantia
829 1234 1076 1376 hucusque
1111 1246 1160 1338 in
1196 1239 1432 1379 aliquibus
1477 1245 1612 1382 plan-

392 1383 453 1476 tis
499 1374 863 1510 conservantur)
935 1383 986 1475 in
1031 1411 1190 1476 earum
1246 1375 1403 1477 studio
1464 1383 1616 1518 pluri.

367 1514 524 1611 ¹mum
587 1511 910 1614 insudarunt.¹
975 1519 1109 1614 Non
1148 1511 1213 1614 est
1271 1511 1468 1656 itaque,
1527 1554 1616 1617 cur

393 1655 600 1788 cuipiam
657 1643 832 1750 mirum
891 1648 1144 1770 videatur,
1201 1646 1233 1750 st
1292 1663 1338 1751 &
1396 1647 1491 1792 ipse
1549 1655 1631 1754 de.

393 1787 598 1905 Plantis,
649 1823 763 1927 quas
800 1785 917 1888 olirn
954 1792 1005 1884 in
1043 1788 1161 1890 locis
1198 1794 1396 1928 AEgypti
1431 1787 1614 1928 inspexi

393 1959 447 2024 ac
472 1921 765 2042 'oblervavi,
814 1921 1017 2028 Libturn
1065 1959 1093 2025 a
1140 1961 1215 2024 me
1258 1921 1612 2066 conscriptum,

393 2098 520 2161 nunc
557 2067 606 2159 in
636 2060 791 2162 lucem
828 2065 1066 2181 editurus,
1102 2058 1253 2182 Tibi,
1291 2065 1417 2168 Viro
1453 2071 1616 2164 Gene-

286 2257 288 2266 ·
395 2190 458 2301 ris'
494 2193 790 2319 Nobilitate,
831 2234 886 2298 ac
924 2195 1224 2333 singularium
1259 2205 1493 2298 virtutum
1515 2201 1614 2301 cla-

395 2340 535 2436 ritate
572 2331 785 2454 lllustri,
835 2335 993 2435 dicare
1030 2335 1300 2452 voluerim,
1350 2373 1459 2436 cum
1493 2373 1613 2470 prae-

395 2473 556 2574 settim
604 2477 819 2572 omniurn
856 2477 999 2570 etiam
1048 2470 1401 2607 dilciplinarum
1448 2469 1640 2573 studiisv

395 2616 475 2713 Te
505 2614 708 2707 maxime
744 2608 967 2710 delectari
1003 2605 1161 2707 sciam.
1248 2611 1435 2746 Speravi
1483 2615 1612 2710 enirn

394 2781 452 2872 ex
470 2738 580 2868 -hac
618 2775 742 2856 nora
771 2750 1000 2877 stirpium
1039 2744 1362 2854 Historia'Te
1398 2781 1492 2844 non
1530 2755 1614 2884 paz.

395 2917 500 3012 turn
539 2879 804 3020 uoluptatis,
823 2875 1169 3016 ⁸suscepturum.
1222 2879 1426 2992 Accedit
1447 2887 1611 3004 etiam,

395 3018 680 3168 quod-cum
708 3011 790 3134 hic
826 3014 1094 3132 Plantarurn
1135 3011 1307 3137 Liber,
1345 3053 1488 3158 quern
1520 3053 1614 3121 una

395 3189 505 3304 curn
537 3155 655 3278 'aliis'
682 3149 869 3272 tibris,
896 3153 957 3262 de
996 3152 1250 3262 Medicina,
1274 3159 1613 3292 AEgyptiorum

395 3299 607 3422 wilri
649 3293 867 3430 Tuoque
900 3285 1203 3408 illustriffimo
1239 3299 1364 3391 Patri
1411 3295 1611 3411 dicatis,

397 3434 947 3568 ouperyconjunxeram,
976 3427 1615 3530 nuncstutliosotumcoml·

396 3564 944 3704 modosreparatimzfit
987 3564 1235 3686 edendus„
1294 3561 1414 3668 Tibi
1446 3562 1616 3685 ',·'tan-
1657 3617 1659 3624 2

407 3739 541 3832 ⁸uam
572 3708 749 3822 Patri,
805 3709 881 3804 cui
921 3706 1168 3838 inprimis
1217 3737 1309 3802 una
1354 3737 1464 3802 cum
1509 3702 1621 3800 aliis·

396 3743 551 3968 linerat
585 3837 872 3965 destinatus,
913 3845 1148 3979 propriori
1185 3839 1452 3942 offerendus
1491 3867 1611 3941 erat.

397 3979 555 4108 Qrod⁴
585 4012 643 4078 eo
669 3975 892 4082 libentius
926 3975 1047 4103 feci,
1084 4007 1140 4080 ut
1175 3977 1423 4120 plurimam
1460 3981 1510 4077 in
1531 3981 1610 4126 Te

502 4154 541 4170 ··
1220 4158 1225 4164 ⁸
1489 4146 1612 4258 quo·
