3518 4596
518 321 681 413 odram
699 320 985 440 Herbarmmi
1255 349 1346 444 139

128 537 199 597 tum
222 514 392 618 producto
423 517 498 594 vim
522 519 614 596 illam
641 518 863 620 genitabilem
896 520 1075 598 includere
1111 517 1250 618 voluit3
1282 523 1346 600 sed

127 619 325 719 pervarias
351 614 504 716 stirpium
528 642 644 717 partes
669 618 874 720 dispergere.
924 623 1011 696 Sunt
1034 619 1135 719 igitur
1168 645 1241 720 quae
1266 642 1344 698 toto
1450 627 1452 630 ’

118 717 287 810 caudice,
312 716 352 793 dt
374 717 520 794 materie
545 719 703 794 solidiore
727 719 826 796 facilc
840 720 997 796 sobolem
1021 719 1213 796 extrudam.
1264 719 1344 796 He·

113 819 243 894 derum
266 817 434 908 videatis,
472 817 706 916 &reptantia
730 819 907 918 gramina,
931 843 1072 919 queque
1097 819 1219 894 florem
1244 820 1342 900 suum

116 917 161 993 iu
183 919 315 992 nodum
340 915 466 1016 colligit
489 923 711 1010 verbenam,
748 920 905 1018 quamvis
936 917 1105 1019 attingere
1130 939 1264 994 tantum
1294 921 1343 994 al-

114 1017 247 1092 tricem
272 1030 400 1090 terram
424 1017 650 1093 observentur
677 1073 688 1110 ‚
724 1039 789 1115 per
813 1019 927 1094 caules
951 1019 1027 1092 suos
1051 1015 1237 1094 hincinde
1261 1043 1342 1116 por-

122 1113 224 1191 restis
246 1116 438 1207 radicibus,
473 1137 601 1191 cottum
626 1117 722 1192 suum
755 1141 892 1214 augere.
942 1119 1073 1216 Magna
1102 1141 1205 1214 pars,
1240 1121 1340 1194 ura-

123 1215 255 1290 dicibus
279 1214 358 1312 ipsrs
389 1217 582 1292 &circum
608 1217 742 1290 radices
767 1213 937 1291 stolonem
961 1217 1159 1312 proferunt,
1184 1215 1340 1314 stirpium

122 1316 334 1388 novellarum
358 1315 554 1412 principia,
602 1339 741 1414 queque
774 1315 896 1411 sponte
931 1315 975 1388 ad
1007 1313 1132 1413 justam
1156 1337 1341 1412 parentum

120 1415 396 1510 magnitudinem
427 1414 640 1489 excrescunt.
700 1414 927 1505 Quarundam
974 1414 1109 1488 radices
1152 1415 1341 1492 annascen·

120 1513 212 1586 tibus
243 1513 359 1588 denud
383 1513 539 1587 radiculis
566 1512 848 1609 multiplicantur,
874 1509 1092 1609 totidemque
1123 1511 1259 1588 soetibus
1286 1515 1339 1588 di·-

120 1607 355 1708 stinguuntur,
378 1633 463 1708 quot
490 1611 649 1700 nodulis,
674 1633 715 1684 ac
744 1611 851 1684 veluti
878 1610 978 1706 spicis
1003 1615 1219 1687 extuberant.
1285 1615 1338 1688 lta

118 1707 371 1800 Narcillorum,
399 1709 701 1809 Hyacinthorum,
726 1709 949 1808 srmiliumque
966 1709 1115 1784 formosa
1139 1710 1332 1808 progenies

118 1809 140 1882 ὲ
167 1812 312 1883 modico
338 1827 456 1900 creto,
491 1831 561 1883 non
588 1833 623 1882 m
694 1831 716 1881 o
750 1811 916 1905 temporis
948 1810 1128 1883 intervallo
1153 1811 1189 1882 in
1216 1829 1339 1882 centu·

112 1905 206 1997 rias,
233 1906 273 1982 dt
301 1909 473 2004 myriades
496 1909 578 1983 abit.
672 1931 717 1981 on
744 1911 860 2003 paucis
889 1910 969 1982 anni
997 1907 1172 1982 vernantis
1201 1906 1338 1982 munifi-

112 2007 238 2079 centia
272 2009 455 2105 gemmula
484 2005 722 2101 adnascuntur,
763 2029 933 2081 novarum
957 2005 1111 2103 stirpium
1136 2004 1237 2079 ex'ilia
1261 2003 1335 2101 qui-

118 2103 229 2193 dem,
266 2121 421 2180 attamen
454 2125 576 2192 certa,
614 2105 800 2202 generique
837 2105 1005 2179 servando
1030 2104 1234 2180 sufficientia
1258 2103 1337 2178 fun-

112 2203 300 2278 damenta.
370 2207 456 2280 Sunt
487 2203 609 2300 quibus
639 2204 676 2280 in
700 2201 796 2298 spem
830 2204 953 2278 sobolis
978 2201 1126 2279 extremi
1150 2202 1336 2299 proficiunt

117 2325 243 2394 ramr,

516 2445 610 2462 --
626 2400 848 2498 flammamque
866 2417 1020 2496 putator,

264 2498 369 2571 Haud
382 2501 531 2592 dubitat,
555 2502 823 2592 serumserum,
844 2503 996 2572 mandare
1019 2519 1175 2576 cacumen.

111 2599 157 2673 ln
181 2595 349 2694 Opuntiis
370 2596 442 2671 slve
466 2599 599 2670 ficubus
615 2597 740 2672 Indicis
765 2653 776 2686 ,
815 2597 923 2668 etiam
948 2595 1068 2669 solium
1096 2597 1334 2694 decerptum,

117 2694 210 2785 solo,
234 2694 360 2791 solique
388 2691 627 2786 commissum,
652 2695 729 2768 satis
744 2695 787 2767 ad
813 2695 1034 2768 excitandam
1058 2694 1209 2790 plantam
1228 2695 1334 2788 facit,

109 2811 155 2868 ut
182 2813 345 2884 taceam,
371 2819 392 2866 a
415 2791 657 2888 Theophrasto
678 2791 854 2889 proditum
884 2787 977 2882 esse,
1015 2792 1182 2868 foecundis
1207 2792 1334 2894 aliquot

111 2894 280 2990 lacrymis
298 2891 489 2988 genitabilis
507 2891 640 2965 humidi
663 2897 822 2970 ubertate
850 2892 1062 2982 fluentibus,
1097 2894 1229 2990 plantat
1246 2917 1334 2970 oon·

107 2993 223 3066 nullas
246 3009 366 3065 ortum
392 2991 486 3065 suum
511 2991 652 3064 debere.
716 2993 795 3066 Nec
822 2987 1032 3087 suspicienda
1060 3011 1177 3066 tamen
1220 2994 1331 3091 magis

110 3091 191 3166 lraec
209 3091 246 3164 in
271 3090 393 3186 plantis
416 3089 576 3164 nascendi
604 3091 771 3181 varietas,
794 3095 898 3188 qulun
925 3095 1027 3166 robur
1051 3089 1160 3187 ipsum
1184 3115 1332 3190 genera·

110 3187 232 3278 tricis,
269 3188 308 3264 dt
333 3188 492 3262 adversus
519 3191 684 3284 temporis
710 3188 986 3264 &fortuitorum
1013 3189 1149 3286 injurias
1173 3186 1332 3264 constan-

109 3289 176 3362 tia.
228 3287 327 3361 Oleae
353 3287 482 3360 dudum
505 3285 683 3360 exsiccate
714 3287 841 3384 lignum
867 3287 1019 3362 radicem
1049 3285 1175 3361 trufisse
1202 3311 1332 3363 novam

104 3389 134 3462 'b
149 3382 293 3459 vetustis
310 3384 526 3482 scriptoribus
553 3401 710 3458 notatum
733 3387 932 3480 accipimus.
982 3386 1048 3458 Ι[Ιι
1069 3388 1142 3481 jam
1166 3405 1332 3484 portentu

103 3485 226 3561 limile
250 3507 320 3558 non
344 3485 403 3574 fit,
428 3484 520 3582 quod
544 3484 616 3560 fide
638 3483 733 3582 digni
757 3485 947 3556 retulerunt
976 3481 1160 3577 austures,
1194 3488 1332 3563 clavam

108 3583 292 3674 Herculis,
319 3609 393 3680 quar
412 3607 458 3658 ex
473 3581 619 3657 oleastro
644 3581 735 3671 suit,
769 3581 920 3656 sobolem
944 3581 1130 3679 protulisse.
1189 3583 1331 3662 Romuli

111 3681 268 3770 hallam,
296 3707 368 3780 quat
396 3705 541 3756 exorno
562 3679 709 3755 mascula
734 3701 808 3754 erat
833 3683 1058 3778 deprompta,
1095 3683 1180 3758 adiit
1204 3685 1331 3758 iterum

110 3779 290 3856 radicibus
331 3803 473 3880 germen
506 3779 698 3870 excitasse,
743 3778 872 3876 scripsst
899 3781 934 3854 in
964 3779 1105 3877 Romuli
1140 3784 1215 3857 uita
1249 3781 1328 3858 Plu-

112 3879 284 3972 tarchus,
324 3899 361 3956 ut
384 3875 519 3959 Oiitlio
547 3877 756 3973 occinente,
798 3901 869 3954 non
895 3882 970 3980 jam
1000 3881 1128 3956 srccmr
1159 3877 1245 3956 elles
1276 3900 1331 3956 te.

102 3981 207 4130 aruo,
680 4053 685 4062 ’
776 4077 846 4153 sz
957 4035 981 4062 ²
1149 4035 1332 4174 '..-sia
