3518 4596
433 343 506 430 rsa
641 340 722 439 Jo.
771 319 1091 444 vrsnruorr
1141 331 1262 414 ons.
1310 331 1372 412 ru
1420 333 1518 416 crs

435 521 652 624 copiosrffimi
667 522 746 598 nitri
765 518 876 594 calida
895 517 977 594 nive
995 517 1061 596 latd
1087 514 1304 614 conspersam
1325 570 1338 608 ,
1361 517 1419 591 vel
1436 539 1457 590 a
1501 515 1510 531 ‘
1555 511 1642 606 mli,

438 625 496 700 vel
516 621 650 698 roscida
666 618 817 694 nostium
843 616 1048 692 humiditate
1064 615 1253 692 fervidiore
1275 615 1345 690 sole
1366 637 1412 712 pe
1484 615 1491 629 '
1570 615 1644 688 Nec

438 748 524 820 opus
543 723 601 796 hic
621 717 766 793 maritali
787 716 905 792 cinere
927 717 1048 814 palmae
1073 715 1287 790 effamiuatae
1310 713 1469 813 vigorem
1493 711 1646 790 incitare.

440 821 616 899 Flantibus
639 817 734 890 enim
758 817 801 890 ab
834 811 944 890 aullro
967 840 1030 914 per
1048 813 1287 912 AEtlriopiam‚
1312 809 1492 888 &steriles
1518 809 1648 889 Arabiae

439 917 596 996 Deserta
615 929 755 1012 campos
769 916 944 991 urentibus
963 915 1095 1004 ventis,
1110 913 1230 1012 ingens
1243 911 1359 986 nitrosr
1377 911 1529 1007 pulveris
1545 909 1647 986 subla·

439 1037 477 1092 ta
500 1014 572 1104 vis,
598 1015 733 1088 abun'dd
751 1013 929 1091 cacumina
945 1013 1133 1109 palmarum
1155 1036 1199 1086 ve
1224 1031 1306 1085 etat.
1356 1011 1470 1084 Arbor
1491 1009 1565 1108 ipsa
1584 1011 1647 1108 quo
1736 1053 1737 1062 .

440 1113 550 1210 magis
567 1109 724 1209 assurgit,
749 1117 793 1188 eb
814 1111 925 1186 minus
950 1134 1125 1184 ramorum
1150 1036 1365 1184 ablgcissorum
1383 1108 1484 1184 nodis
1510 1109 1647 1200 horret,

441 1209 598 1288 annosior
612 1211 723 1284 nodos
735 1211 869 1307 penitds
885 1209 1054 1285 obliterat.
1106 1205 1174 1282 Per
1190 1211 1311 1283 tubera
1335 1208 1491 1306 quaedam
1507 1206 1649 1305 inaqua-

439 1311 483 1386 lia
510 1307 673 1399 scansilia,
697 1307 852 1384 scabram
868 1327 986 1382 tamen
1003 1306 1170 1380 corticem
1193 1307 1237 1380 ad
1259 1326 1454 1380 extremum
1475 1329 1584 1404 usque
1600 1303 1646 1378 se-

288 1491 290 1496 ,
440 1407 538 1484 nio-m
557 1407 680 1484 servat.
728 1408 825 1482 Vero
848 1404 977 1482 scilicet
995 1405 1140 1480 Virtutis
1162 1403 1369 1494 simulacro,
1395 1427 1499 1502 quam
1523 1401 1649 1478 callosas

439 1506 601 1603 obtinere
623 1530 744 1580 manus
757 1505 851 1582 reoli:
869 1504 1110 1602 pronunciavit
1124 1503 1255 1600 sapiens
1271 1501 1460 1578 Romanus.
1510 1499 1647 1577 Pronus

440 1605 561 1704 palma
580 1602 720 1702 Dactyli
744 1604 839 1694 sunt,
863 1599 955 1678 und'e
976 1601 1016 1677 dr
1034 1625 1164 1677 nomen
1187 1601 1322 1676 Dachel
1342 1599 1513 1676 Arabibus
1543 1620 1645 1676 reten-

440 1723 526 1779 trun.
579 1703 785 1778 Uberrimus
808 1702 941 1776 illorum
983 1701 1114 1774 uamvis
1140 1703 1160 1774 a
1183 1700 1333 1795 pauculis
1353 1699 1456 1772 ramis
1493 1719 1646 1790 exortia,

441 1801 654 1899 meminique
671 1801 719 1876 ste
744 1795 901 1876 onustum
917 1799 965 1874 fu'
995 1823 1015 1872 e
1042 1795 1184 1894 dactylis
1208 1797 1273 1872 suis
1295 1798 1434 1872 unicum
1454 1820 1646 1886 racemum,

440 1919 480 1976 ut
497 1925 578 1974 eum
596 1899 751 1973 attollere
776 1903 795 1972 *a
818 1916 909 1972 terra
930 1921 999 1994 prae
1018 1895 1175 1992 pondere
1196 1897 1257 1972 vix
1285 1893 1495 1971 sustinerem.
1550 1891 1646 1988 Quod

441 2000 547 2076 ramis
564 1995 737 2095 subjicitur
752 1995 938 2070 candidum
956 2013 1182 2092 tenerumque
1200 2017 1344 2092 corpus,
1363 1993 1510 2092 'quidam
1525 1991 1644 2070 medul-

441 2100 512 2173 lam
525 2097 645 2194 pahnae
657 2113 873 2192 ntmcupant,
897 2092 1021 2168 reolus
1037 2089 1294 2189 Theophrastus
1309 2103 1492 2188 ἐγκέφαλοι
1512 2095 1645 2182 oditur,

441 2181 571 2272 Palma
587 2197 770 2272 cerebrum
785 2191 1134 2290 appellatmeslilsrmd
1151 2189 1305 2266 omniurn
1315 2189 1647 2300 Dioscoridess’yolg·

440 2300 507 2370 διον
524 2291 547 2379 Ξ
563 2301 704 2391 melpsa,
726 2291 879 2370 caudicis
909 2315 986 2366 cor:
1013 2292 1056 2365 ab
1074 2314 1118 2364 eo
1135 2289 1229 2362 enim
1250 2285 1381 2364 insertis
1397 2289 1458 2364 fibi
1480 2287 1582 2364 ramis
1601 2311 1646 2362 vr·

440 2394 516 2468 talis
535 2390 637 2490 vigor
664 2389 889 2479 suffunditur,
922 2385 1176 2463 &nutrimenti
1202 2389 1326 2486 gerula
1347 2388 1442 2463 fibrae
1468 2387 1645 2465 interram

439 2492 597 2566 altricem
612 2488 834 2564 descendunt.
860 2487 1102 2577 Hoc‚atbore
1117 2485 1280 2582 collapsa,
1305 2506 1526 2582 exemptum,
1551 2485 1586 2561 in
1602 2485 1645 2558 ci·

440 2589 493 2669 bis
516 2607 683 2684 expetunt
705 2585 926 2684 Aphrodisri,
952 2585 1100 2660 Veneris
1118 2583 1182 2658 suae
1207 2583 1363 2660 officium
1380 2581 1561 2682 spillaturi,
1582 2603 1645 2658 nec

442 2686 689 2785 cephalalgiam
697 2687 826 2761 exinde
843 2682 1039 2796 graviorem
1053 2701 1227 2758 verentur.
1275 2681 1450 2758 meander
1465 2704 1537 2760 von
1548 2681 1647 2758 aar·

443 2819 492 2869 ςιν
509 2787 632 2879 ἔδεσμα
650 2783 920 2859 adolescentrbus
940 2782 1132 2878 expetitum
1164 2783 1279 2856 cibum
1307 2779 1445 2856 cecinit.
1493 2780 1649 2876 Daslylos

443 2885 561 2958 colore
585 2901 660 2956 tum
680 2883 815 2973 flavos,
841 2897 915 2953 tum
931 2879 1102 2956 obscurius
1119 2879 1401 2976 purpurascentes
1415 2879 1491 2956 fere
1515 2877 1648 2976 conspe·

440 2983 494 3062 xi:
518 2980 671 3056 rarissimi
690 2979 819 3056 nucleis
838 2997 1022 3070 carentes,
1056 3001 1139 3078 quos
1158 2980 1306 3077 alroppa
1323 2998 1428 3054 vocat
1450 2977 1647 3076 Theophra·

440 3081 520 3159 stus.
570 3080 651 3153 Non
676 3079 766 3154 inter
790 3080 938 3176 majores
964 3077 1121 3152 e'usdem
1145 3077 1273 3152 arboris
1296 3077 1404 3152 veluti
1434 3072 1644 3174 steropas&

439 3175 684 3280 impersedos3
698 3177 820 3351 §quoe
837 3199 925 3278 agno
952 3173 960 3190 '
989 3200 1009 3249 e
1025 3175 1159 3252 tantum
1179 3175 1318 3252 videtur
1334 3173 1485 3274 Plinius)
1503 3176 1645 3272 sedpro·

441 3281 486 3356 bs
503 3295 673 3366 maturos,
752 3275 850 3374 juxta
866 3297 946 3350 tum
962 3274 1097 3373 reliquis
1122 3273 1159 3350 in
1176 3273 1302 3350 eadem
1318 3275 1462 3366 arbord,
1487 3273 1645 3349 suavitate

443 3375 573 3450 eximia
592 3375 706 3470 palato
731 3373 957 3450 blandientes.
1008 3375 1258 3450 Communibus
1279 3393 1398 3448 tamen
1417 3374 1524 3472 paulo
1541 3373 1646 3448 mino·

444 3495 521 3564 res,
544 3471 584 3547 ἀ
604 3474 719 3548 colore
734 3473 960 3550 flavescentes
977 3473 1175 3550 observavi:
1200 3471 1237 3548 in
1267 3473 1386 3573 quibus
1407 3471 1521 3546 nuclei
1536 3471 1642 3546 vicem
1736 3525 1737 3542 .

444 3570 610 3650 folliculus
635 3571 869 3674 cartilaginem
887 3570 1101 3672 stutuebat,
1127 3572 1279 3652 cavitate
1302 3571 1420 3653 saltem
1442 3570 1538 3652 inani
1561 3568 1645 3647 circa

446 3668 745 3755 nediumreuoa
1736 3659 1737 3694 ¹
