3518 4596
534 347 592 432 ad
611 375 696 434 rem
715 347 980 438 Herbariam.
1268 379 1344 482 rar

134 539 217 614 teler
237 537 410 632 κυήματα,
436 557 626 634 conceptus
643 539 822 633 nominat,
846 542 961 641 quales
980 539 1016 613 in
1046 538 1269 618 animantium
1295 543 1347 618 se-

131 640 203 728 “⁶’
222 636 548 812 nllllllll
569 661 670 812 :lla
699 639 1203 814 lssllllllflllnlnl
1216 645 1346 815 llll·

128 761 288 935 ffiqoe
313 858 391 934 pars
413 763 594 934 pprinceps,
622 761 820 912 Diosioridi
839 838 875 911 nl
892 835 1048 934 lytdpluv
1067 835 1178 930 diua,
1201 839 1236 913 id
1253 798 1346 938 quoti

125 935 245 1032 cordis
266 935 437 1009 rationem
464 935 619 1026 obtinet,
642 953 718 1008 tum
740 933 775 1009 in
795 959 840 1010 ea
860 933 1004 1010 facultas
1032 933 1104 1034 ipsa
1132 938 1345 1037 vegetabilis,

126 1055 199 1108 non
213 1036 289 1133 jam
315 1033 496 1132 potentia,
530 1033 591 1107 sed
618 1039 667 1107 ὑπ’
702 1035 836 1132 ἐνεργείᾳ
862 1033 933 1108 srve
960 1032 1037 1110 astu
1061 1033 1218 1132 presens.
1245 1038 1346 1114 ,lmo

123 1151 210 1231 nata
233 1151 315 1208 ante
335 1132 371 1206 in
392 1133 555 1208 soecundo
584 1128 713 1206 semine
733 1133 883 1230 plantula
905 1129 976 1224 est,
1000 1135 1102 1232 quim
1117 1133 1344 1233 conspicimus

124 1251 271 1321 natam,
301 1230 452 1330 falsoque
485 1251 582 1306 terrae
599 1251 733 1327 partum
752 1229 1006 1322 existimamus,
1031 1231 1088 1330 qui
1106 1230 1346 1326 seminecum
1425 1255 1430 1260 ·

126 1331 182 1404 illa
201 1330 343 1404 nutricis
360 1330 492 1426 potius,
517 1327 556 1402 ἃ
572 1325 781 1420 obstetricis,
806 1331 906 1427 quim
933 1352 1062 1404 nomen
1091 1352 1254 1407 maternae
1283 1357 1346 1406 ve-

124 1427 320 1502 nerationis
346 1427 404 1501 hic
425 1447 609 1501 mereatur.
662 1424 827 1501 Produrit
851 1446 967 1501 aurem
989 1431 1088 1526 juxta
1114 1453 1193 1502 cum
1218 1430 1346 1506 novelli

125 1526 230 1600 foetus
247 1525 466 1615 rudimento,
479 1525 622 1600 ssmilem
639 1524 755 1597 eidem
771 1523 1033 1617 humiditatem,
1044 1526 1113 1600 five
1129 1527 1239 1602 carnis
1254 1552 1345 1620 earn,

123 1625 199 1701 five
226 1625 337 1722 pulpae
359 1624 502 1698 nomine
522 1623 557 1698 in
572 1621 756 1698 seminibus
776 1623 962 1719 capiamus.
988 1621 1187 1700 Aristoteles
1207 1630 1244 1720 el¹
1260 1640 1344 1724 ηὸ-

124 1755 173 1798 w
200 1731 439 1818 γαλακτῶδες,
459 1722 609 1819 primurn
635 1719 783 1795 lasteum
813 1742 943 1813 vocat,
977 1721 1016 1798 ἀ
1046 1721 1200 1799 disertius
1223 1725 1345 1800 Theo·

121 1817 282 1920 phrasiut
300 1823 429 1920 προφω
444 1834 482 1920 τῇ
497 1830 583 1918 ἀρχῇ
591 1819 821 1910 colendumne,
831 1818 1077 1895 nutrimentum
1084 1819 1252 1919 principio
1261 1847 1345 1898 con·

123 1920 305 2020 genitum,
331 1922 425 2018 cujus
452 1917 625 1994 beneficio
653 1940 862 2015 conceptum
887 1917 982 1993 suurn
1011 1916 1187 1995 sustentat.
1235 1922 1343 2019 quue

124 2019 218 2094 adeo
245 2016 421 2115 copiosum
444 2015 602 2092 floriferis
623 2014 819 2114 quibusdam
853 2017 963 2092 bulbis
987 2016 1063 2108 est,
1094 2038 1131 2094 ut
1153 2038 1251 2093 extra
1272 2040 1343 2096 ter-

121 2140 203 2193 ram
222 2139 294 2190 non
310 2113 432 2189 fovere
450 2136 585 2188 tantum
604 2117 832 2210 embryonem
852 2113 946 2190 suurn
966 2135 1113 2214 quemn
1139 2116 1197 2192 sed
1216 2117 1343 2193 educa·

122 2239 163 2290 re
189 2212 316 2303 etiam,
342 2213 512 2312 foliisque,
540 2209 738 2288 &flosculis
760 2213 905 2287 ornare:
932 2213 1016 2288 stcut
1043 2215 1079 2290 in
1097 2214 1222 2313 scylla,
1251 2214 1342 2291 limi-

120 2307 280 2410 libusquc
309 2314 412 2412 vulgo
439 2309 661 2407 conspicuum
688 2307 750 2385 est.
781 2313 873 2384 ·Vix
897 2311 1081 2400 credibile,
1106 2313 1200 2406 scio,
1230 2314 1343 2390 videri

121 2411 349 2488 minutiffima
371 2431 425 2486 tot
444 2408 594 2506 stirpium
613 2407 765 2500 semina,
792 2407 831 2484 dt
850 2411 1027 2484 oculorum
1046 2411 1157 2486 aciem
1186 2413 1342 2488 exilitate

120 2510 182 2586 sua
201 2509 386 2606 fugientia,
411 2509 595 2606 plantulam
613 2507 813 2598 continere,
837 2505 876 2582 dt
891 2505 1115 2584 neceffarium
1146 2508 1263 2586 eidem
1289 2532 1343 2586 tu-

122 2607 228 2684 endae
249 2607 507 2682 nutrimentum.
559 2607 794 2704 Cogitandum
811 2605 868 2678 hic
884 2625 1003 2682 tamen
1024 2631 1104 2682 cum
1125 2606 1256 2702 Plinio,
1271 2633 1342 2688 non

122 2707 240 2782 minus
249 2705 322 2780 haec
336 2703 609 2781 consideratione
619 2703 653 2778 d'
702 2699 938 2800 aelle,un
948 2705 1131 2805 turrigeros
1140 2707 1344 2806 Elephanti-

124 2829 186 2880 um
198 2803 563 2897 humeros,taurorum
579 2803 647 2877 vali
673 2800 858 2892 acolla,&
877 2821 990 2878 truces
1010 2805 1044 2878 in
1055 2803 1196 2884 sublime
1209 2805 1343 2906 jasius,

122 2901 268 3002 tigrium
276 2903 409 3001 rapinas
418 2903 817 3000 leonumquejubas‚cum
826 2921 946 2976 natura
954 2901 1114 3001 nusquam
1123 2906 1230 3005 magis
1241 2907 1344 3006 qulrn

121 3003 161 3080 in
173 3001 326 3076 minimis
338 3020 411 3076 tota
424 3002 475 3078 srt.
493 2999 546 3076 Ut
561 2997 686 3076 inclusa
694 2999 878 3075 seminibus
893 3000 1083 3096 plantarum
1091 3004 1281 3100 principia,
1297 3010 1341 3082 ab

121 3101 259 3202 injuriis
272 3099 491 3174 fortuitorum
514 3095 740 3190 defenderet,
763 3097 937 3195 spectabili
951 3099 1079 3176 rursum
1097 3101 1262 3193 artificio,
1288 3123 1342 3178 tot

121 3201 405 3276 velamentorum
423 3197 557 3274 sinubus
573 3197 690 3272 omnia
714 3195 954 3272 circumdedit.
994 3198 1163 3296 liquibus
1183 3202 1343 3295 nonnulla

122 3297 245 3374 mollia
260 3293 331 3372 elle
349 3296 494 3394 placuit,
519 3291 558 3370 δι
576 3297 784 3373 membranae
803 3296 1024 3394 cuticulaeque
1043 3297 1113 3372 leni
1131 3299 1261 3374 ambitu
1276 3302 1343 3374 rni-

126 3395 195 3470 tia:
221 3393 377 3470 solidiora
393 3393 567 3493 quaedam,
603 3392 643 3468 dt
663 3390 776 3491 lignea
799 3392 924 3466 duritie
943 3393 1101 3491 rigentia.
1152 3397 1249 3490 Quid
1275 3395 1342 3494 spi.

122 3517 182 3574 uae
204 3499 306 3592 porro
330 3491 369 3570 δι
387 3493 561 3568 horridum
579 3493 797 3567 acculeorum
824 3504 972 3589 agmen?
1010 3494 1101 3590 quod
1128 3518 1198 3570 non
1223 3497 1341 3594 paucis

124 3593 299 3669 seminum
321 3590 478 3668 additum
494 3589 716 3668 observamus
744 3589 939 3666 involucris.
990 3591 1071 3674 Non
1101 3594 1190 3669 aliud
1218 3595 1342 3671 hercu-

123 3692 198 3783 les,
223 3694 326 3791 quim
344 3711 526 3766 externum
549 3688 724 3766 servandis
748 3687 870 3762 iisdem
890 3689 1082 3786 praesidium
1103 3749 1114 3786 ,
1137 3693 1259 3792 quibua
1284 3693 1343 3769 vel

128 3790 358 3866 animantium
383 3789 553 3880 aviditas,
578 3787 636 3862 vel
656 3787 805 3864 hominis
826 3788 1048 3885 procacitar,
1073 3791 1112 3869 ἃ
1134 3790 1344 3893 negligentia

128 3888 296 3964 damnum
315 3886 441 3964 inferre
462 3905 617 3995 poterat,
660 3887 801 3988 Adjecit
830 3907 952 3965 natura
978 3889 1177 3989 quibusdam
1202 3889 1344 3972 humani

124 3987 241 4087 ¹vultur
256 3985 431 4087 effigiem,
456 4009 606 4084 canum,
622 3985 762 4070 leonum
773 3983 850 4167 ⁹5&
869 3985 1078 4092 serpentium
1104 4012 1189 4081 orat
1223 3987 1344 4165 thebeae

838 4109 859 4186 3
1259 4109 1344 4164 ao.
