3544 4592
438 261 498 354 ιφ·
626 269 631 286 ·
683 243 1003 327 nnosnnnr
1036 243 1253 330 anatur
1300 208 1427 334 nn:v
1730 299 1731 351 l

444 451 516 504 non
535 426 631 504 albus
649 425 764 516 color,
790 423 1056 516 festinemini
1079 422 1158 519 est,
1192 427 1363 530 floresque
1392 429 1501 530 figura
1521 428 1710 508 sambuci
1729 359 1732 408 i

444 527 584 604 floribus
600 523 749 622 proximi
769 548 953 620 apparent,
966 525 1027 600 illis
1038 517 1158 606 iamen
1179 525 1255 602 sunt
1279 531 1550 624 minores30dor
1571 532 1735 606 etiaml

448 627 605 704 Elhanne
624 622 674 698 est
693 624 882 700 admodum
902 641 1042 716 acutus,
1069 622 1107 699 ἃ
1131 624 1282 724 Ligunri
1301 626 1445 702 suavior.
1494 627 1710 706 Fructibus
1734 608 1737 700 l

448 748 518 800 non
542 726 653 798 minus
678 722 768 796 inter
789 720 1033 813 sedifferunt,
1058 723 1196 821 quando
1219 722 1368 825 Ligustri
1396 726 1460 800 sint
1487 729 1614 804 baccae
1636 729 1709 840 jn·
1737 730 1739 812 l

446 823 556 918 niperi
577 823 717 910 limiles,
738 819 777 896 dt
792 820 948 896 Elhanne
967 818 1097 896 semina
1118 823 1266 896 rotunda
1286 824 1484 900 coriandros
1504 825 1708 900 imitantia
1739 854 1740 914 l

351 923 355 932 '
448 919 605 996 existant
657 920 741 994 Fert
758 921 866 994 etiam
890 917 971 993 folia
988 919 1147 1019 Ligullro
1165 921 1279 995 minus
1301 923 1385 1004 lata,
1413 921 1700 1021 angulh'oraque

450 1019 490 1096 δι
510 1017 721 1094 candidiora.
772 1016 937 1108 Fruflus,
963 1041 999 1092 ut
1022 1023 1097 1117 jam
1121 1019 1214 1109 dixi,
1247 1019 1377 1094 semina
1403 1023 1525 1121 nigra,
1551 1047 1706 1119 parva,
1741 1038 1743 1096 l

450 1119 557 1196 multa
575 1115 722 1192 folliculo
738 1115 969 1206 concludunt,
994 1117 1105 1212 qualia
1126 1117 1163 1190 in
1184 1122 1296 1216 granis
1318 1143 1460 1193 uvarum
1482 1142 1702 1197 cernuntur.

453 1216 660 1292 GUltmt.
683 1215 970 1308 Quidtdubitas,
985 1213 1154 1290 cllehunc
1170 1213 1342 1290 arbustum
1353 1215 1702 1315 Ligustrumtcerte

453 1315 545 1391 inter
559 1312 731 1413 ligustrum
742 1312 780 1388 δι
795 1315 887 1387 hunc
904 1314 1050 1410 aliquam
1066 1311 1134 1388 effe
1145 1313 1390 1403 differentiam,
1400 1317 1598 1411 negandum
1611 1340 1700 1390 non
1747 1346 1748 1382 ι

446 1409 513 1513 hell.
540 1438 613 1510 quta
625 1411 683 1485 foll
701 1411 901 1487 diversitate
921 1413 1035 1486 etiam
1045 1411 1206 1486 accidere
1222 1409 1354 1510 pollet,
1369 1417 1505 1509 quando
1519 1415 1700 1488 omnibus
1718 1495 1726 1514 .-
1746 1403 1749 1442 l

456 1509 602 1602 constet,
619 1533 784 1609 qnantum
793 1510 1256 1606 eaedemplanraeindiverfis
1267 1511 1349 1586 locis
1360 1532 1448 1586 natae
1462 1513 1551 1586 inter
1566 1511 1601 1584 se
1615 1511 1700 1586 dif-
1750 1530 1752 1604 t

453 1609 570 1686 ferunt
586 1610 716 1708 figura,
742 1630 845 1707 atque
865 1609 971 1684 etiarn
999 1607 1085 1706 sape
1112 1607 1288 1682 facultate.
1313 1629 1351 1683 ut
1379 1607 1695 1701 inRhabarbaro,
1752 1653 1753 1666 .

448 1709 493 1790 ,dt
512 1707 739 1804 Rhapontico
758 1707 916 1798 videtur,
943 1731 1089 1804 quorum
1109 1707 1265 1798 radices,
1292 1706 1387 1797 visu,
1412 1705 1691 1806 gullu‚eaedem
1753 1715 1754 1722 ’

455 1807 637 1898 videntur,
663 1805 881 1880 nihilominds
913 1804 1077 1880 facultate
1092 1801 1275 1880 manifeste
1303 1805 1443 1880 differre
1460 1828 1695 1904 compertum

457 1903 518 1982 est.
570 1905 688 1980 Arde
713 1904 872 1978 Elhanne
902 1927 992 2001 quan
1016 1925 1096 1978 uam
1122 1902 1233 2002 aliquo
1255 1901 1359 2002 paflo
1386 1903 1516 1978 fruticis
1547 1905 1693 2002 figura,

455 2005 616 2096 floribus,
643 1999 861 2078 &fructibus
885 2000 1003 2100 iligul
1037 1999 1231 2090 odifferat,
1257 2022 1377 2076 tamen
1395 2003 1438 2076 ad
1455 2004 1600 2076 eosdem
1621 2025 1693 2078 va-

458 2105 530 2177 lere
547 2105 687 2176 morbos
706 2099 885 2211 cognitum
905 2095 974 2192 est,
985 2100 1105 2199 quibus
1126 2096 1323 2198 Ligulirum
1339 2099 1519 2200 subvenire
1531 2101 1692 2174 Diosco-

457 2200 571 2290 rides,
598 2219 701 2298 atque
721 2199 774 2271 alu
794 2197 1042 2296 prodiderunt,
1069 2195 1129 2270 sed
1145 2197 1227 2294 quid
1246 2199 1456 2295 plutarcum
1474 2197 1691 2296 apertillime

457 2297 682 2374 Dioscorides
700 2296 846 2371 voluerit
864 2293 955 2372 hanc
971 2299 1130 2373 arborem
1149 2293 1218 2370 effe
1237 2295 1447 2396 Ligullrum:
1459 2315 1497 2372 nt
1514 2321 1560 2372 ex
1581 2295 1690 2394 ipsius

460 2399 574 2473 verbis
591 2398 689 2493 plane
713 2392 866 2486 constat,
895 2419 973 2494 ,quae
997 2395 1072 2470 haec
1098 2390 1259 2470 exiliunt.
1308 2451 1331 2486 „
1357 2393 1555 2492 Ligustrum
1581 2397 1691 2469 arbor

459 2551 483 2590 ‚,
507 2493 581 2588 est,
606 2521 679 2594 quae
703 2496 835 2570 circum
855 2516 970 2570 ramos
988 2493 1070 2570 folia
1094 2491 1163 2568 fert
1189 2492 1287 2570 oliva
1305 2494 1484 2592 proxima,
1508 2491 1568 2568 sed
1584 2493 1690 2570 latio-
1748 2498 1750 2507 '

458 2652 483 2689 „
507 2619 565 2685 ra,
591 2595 788 2684 teneriora,
812 2590 853 2670 dt
874 2617 910 2666 m
956 2591 983 2667 is
1010 2591 1135 2668 viridia
1167 2589 1207 2665 dt
1234 2589 1337 2666 flores
1366 2593 1461 2667 albos
1486 2589 1689 2680 muscosos,

459 2749 483 2786 „
510 2713 611 2789 atque
634 2693 818 2780 odoratos,
832 2693 907 2780 eius
942 2689 1055 2766 ruffus
1077 2687 1129 2765 est
1150 2689 1248 2786 niger
1268 2691 1432 2766 sambuci
1454 2689 1579 2764 fruflui
1592 2689 1689 2763 lirni-

460 2847 483 2882 „
508 2789 558 2863 lis.
608 2789 769 2863 Nascitur
783 2787 979 2862 elefliffmra
1000 2788 1037 2862 in
1056 2788 1228 2863 Ascalone
1247 2785 1286 2864 dt
1303 2791 1460 2885 Canope.
1506 2787 1606 2863 Folia
1622 2789 1689 2863 ad-

461 2945 485 2982 „
509 2885 711 2963 strifloriam
727 2885 799 2960 vim
829 2884 980 2975 habent,
1005 2905 1108 2984 quare
1137 2885 1426 2964 commanducata
1449 2885 1619 2962 ulceribus
1645 2909 1689 2960 o-

461 3044 486 3082 ‚,
511 2987 556 3062 ris
577 2987 782 3076 medentur,
807 2983 910 3075 illita,
945 2983 1089 3059 fervidis
1115 2983 1467 3077 inflammationibus,
1493 2987 1688 3060 carbuncu-

463 3143 487 3183 „
513 3086 619 3187 lisque
644 3083 816 3183 profunt;
850 3081 1037 3162 decoflum
1070 3081 1263 3157 eorundem
1295 3082 1375 3182 igne
1400 3080 1554 3160 ambusta
1579 3085 1688 3180 capil-

463 3243 486 3282 „
512 3189 582 3262 lum
606 3183 732 3262 ruffant
761 3183 842 3258 trita
867 3181 973 3272 folia,
998 3181 1131 3280 quae'in
1151 3181 1318 3256 ‘radiculas
1349 3182 1452 3258 succo
1477 3181 1686 3256 maduerint.

465 3343 488 3380 ,‚
511 3287 592 3362 Flos
608 3309 654 3362 ert
673 3302 776 3360 aceto
797 3281 900 3360 fronti
915 3281 1014 3356 illitus
1045 3279 1165 3376 capitis
1189 3277 1347 3356 dolorem
1380 3280 1516 3356 fedat.''
1565 3281 1615 3356 Et
1639 3281 1688 3354 de

465 3386 646 3476 Elhanne,
697 3407 775 3458 uam
794 3383 951 3458 Alcanna
983 3380 1165 3455 Avicenna
1190 3400 1324 3470 vocat,
1357 3379 1432 3457 haec
1457 3377 1532 3457 ferd
1559 3379 1688 3458 eadem

467 3483 644 3582 prodidit,
669 3409 757 3558 dixit
770 3482 936 3578 quidem,
961 3478 1043 3554 folia
1062 3478 1190 3552 habere
1210 3473 1457 3553 admittoriam
1474 3477 1688 3571 facultatem,

463 3583 780 3682 invulneribusque
800 3582 950 3656 eandem
979 3580 1054 3655 vim
1071 3601 1151 3651 cum
1170 3573 1328 3650 draconis
1347 3578 1509 3677 sanguine
1533 3579 1685 3668 habere,

471 3681 696 3781 conferreque
717 3679 902 3757 decoflum
931 3678 1090 3756 foliorum
1124 3674 1241 3748 calidis
1280 3676 1625 3769 inflammationibus,
1648 3677 1689 3754 dt

472 3781 596 3860 exustis
613 3785 656 3857 ab
674 3782 754 3893 igne
770 3779 966 3876 particulis.
994 3776 1032 3853 dt
1049 3775 1117 3848 oris
1136 3773 1319 3851 ulceribus:
1332 3773 1371 3851 dt
1392 3801 1472 3852 cum
1490 3786 1689 3854 aceto‘con-

473 3881 565 3960 ferre
590 3879 695 3981 capiti
711 3879 851 3956 dolenti.
876 3872 1036 3952 ALl'lN.
1079 3873 1171 3947 Veri
1188 3871 1346 3950 Elhanne
1363 3875 1611 3976 AEgyptiorum
1626 3879 1690 3954 Li·

1623 4003 1686 4078 tu·
