3582 4584
518 343 787 478 opobalsami
800 345 1019 458 Vindicia-
1309 361 1395 486 sps

193 569 196 576 ‘
215 561 323 643 'inter
346 575 446 636 notas
461 557 562 658 probi
587 557 810 660 opobalsami
829 583 909 638 cum
926 559 1185 642 Dioscoride‘rc
1261 562 1287 640 ‘s
1306 621 1317 658 ,
1340 585 1388 645 *ut

164 667 225 748 «ad
248 683 388 740 acorem
409 683 480 735 non
499 665 668 760 tergeat,
702 657 761 738 cui
781 660 832 734 rei
855 663 944 739 ratio
970 660 1103 739 constat
1125 664 1183 740 evi
1209 665 1388 746 entiffims.

166 771 279 850 ··Cave
297 781 417 838 tamen
433 753 626 854 existimes,
638 755 815 836 vetustatis
822 777 956 838 tantum
971 761 1008 837 id
1017 762 1149 839 vitium.
1176 763 1267 839 Nam
1279 765 1390 862 quod.

167 885 316 966 -currque
333 877 613 960 vegetaenaturae
629 855 927 958 opobalsamum,
950 861 1021 936 stne
1036 861 1210 938 causarum
1229 883 1392 940 externa-

169 989 256 1044 rum
275 957 486 1063 gravioribus
506 955 634 1057 injuriis
664 957 708 1034 ad
736 955 910 1033 tenebam
936 976 1074 1036 aetatem
1095 985 1141 1060 pe
1175 962 1185 976 “
1234 961 1287 1055 't‚
1318 963 1388 1038 aci-

180 1066 328 1142 ditatem
351 1081 418 1134 nec
433 1053 580 1156 gustanti
599 1055 825 1148 manifestat,
848 1079 962 1156 meque
980 1059 1148 1137 odoranti
1228 1077 1391 1155 raeterea,

169 1163 293 1264 -scripfi
311 1159 355 1238 ad
373 1157 427 1234 Cl.
447 1155 611 1250 Baldum,
637 1155 857 1234 balsamicum
878 1155 1045 1254 liquorem
1060 1159 1113 1234 lac
1128 1183 1199 1236 non
1218 1159 1279 1235 nist
1291 1162 1390 1236 debi-

169 1267 258 1342 liter
273 1257 474 1356 coagulare3
499 1253 571 1329 imb
591 1277 637 1330 ne
654 1255 722 1332 hoc
743 1253 883 1356 quidem
899 1251 1078 1352 prostare,
1102 1258 1162 1332 nist
1177 1281 1320 1334 recens·
1338 1259 1391 1334 ni-

180 1361 338 1460 srspiritu
357 1352 492 1430 acidulo
518 1352 709 1430 etiamnum
727 1375 903 1454 praegnans
925 1351 1052 1430 suerit:
1093 1379 1237 1454 quorum
1259 1319 1391 1458 postre-

178 1481 280 1536 mum
299 1455 346 1531 iic
365 1471 402 1526 te
418 1449 590 1551 accepisic
605 1453 820 1554 conjicio,ut
832 1471 1007 1526 notamen
1018 1475 1062 1526 eo
1080 1455 1277 1552 collegeris,
1301 1455 1392 1532 inter

182 1559 289 1636 malas
306 1550 397 1628 haud
415 1549 570 1637 infimam
584 1577 725 1650 ,quaque
734 1553 889 1625 mediante
899 1607 909 1642 ,
918 1572 956 1626 ut
963 1551 1078 1626 scribis
1093 1554 1306 1644 ,Dioscorides
1315 1583 1395 1648 ,nort

182 1659 337 1758 optimum
349 1663 493 1744 expertus
500 1648 615 1746 fuiffer
627 1649 874 1746 Opobalstrmum
885 1681 897 1738 ς
909 1649 964 1740 sed
966 1653 1139 1744 pefflmum.
1149 1649 1238 1724 Mihi
1245 1658 1329 1728 verb
1340 1653 1395 1727 Pi·

171 1754 429 1864 torinunqu'am
438 1745 798 1838 iumentemvenit,ut
808 1743 1050 1839 existimarim,
1062 1747 1332 1844 Opobalsamum
1341 1775 1396 1825 rc-

186 1877 267 1934 cens
277 1869 483 1950 optrmaeque
493 1867 595 1936 notar,
604 1846 762 1946 quodque
771 1844 871 1920 acido
880 1843 1114 1942 adhucspiritu
1123 1845 1302 1942 preditum
1312 1845 1395 1921 affe-

174 1979 223 2032 ,το
237 1943 520 2046 ,saporeacidum
537 1941 627 2036 esse,
650 1969 753 2045 quem
771 1943 885 2044 potiris
902 1941 1016 2022 abesse
1035 1944 1186 2036 debere,
1209 1943 1296 2020 ferio
1315 1969 1395 2020 cum

181 2046 389 2128 Dioscoride
405 2043 589 2120 contendo.
615 2041 648 2120 E
671 2043 806 2134 uidem,
820 2041 1041 2142 quod'sugere
1057 2062 1100 2117 te
1115 2065 1193 2118 non
1210 2045 1313 2120 dccet
1323 2101 1333 2135 ,
1343 2041 1396 2118 se·

174 2143 406 2249 ‘paratinsrtus
417 2143 529 2232 calor,
543 2069 766 2238 subjeliaeque
782 2141 934 2214 materiae
952 2141 1119 2230 domitor,
1137 2143 1274 2238 vaporis
1283 2143 1398 2240 specie

175 2241 561 2338 -substanriamaqueam
577 2257 739 2329 tenuem,
763 2235 934 2336 particulis
951 2237 1242 2337 atriisterreisque
1253 2239 1399 2316 'subtilis-

178 2345 275 2424 nmis
295 2333 512 2440 permistam,
538 2333 803 2434 quamspiritum
827 2333 1043 2427 Hermetici,
1068 2335 1107 2412 δι
1124 2337 1287 2412 Mercurii
1312 2361 1398 2414 nun·

98 2467 101 2474 ·
174 2462 323 2544 vcarpant.
369 2433 480 2512 Hanc
497 2435 632 2510 reclusis
653 2435 774 2532 quibus
790 2435 898 2532 liquor
919 2434 1115 2508 continetur
1132 2435 1239 2527 vasis,
1264 2439 1322 2536 qui
1335 2461 1401 2511 rra·

175 2545 277 2620 -ribus
298 2537 436 2626 haurit,
463 2557 579 2608 acrem
600 2533 777 2632 percipit,
802 2553 905 2632 atque
927 2532 1110 2607 evidenter
1132 2535 1292 2612 acidam:
1325 2535 1398 2611 imb

175 2641 225 2719 ·&
241 2641 361 2736 sapore
380 2635 505 2722 talem,
530 2631 694 2730 siquidem
715 2651 788 2706 arte
805 2650 971 2728 exceptus
985 2629 1106 2707 halitus
1117 2631 1161 2706 iu
1178 2631 1399 2710 substantiam

184 2735 360 2838 pristinam
378 2731 575 2806 resolvatur.
625 2729 821 2806 Effundunt
836 2731 928 2803 lurnc
943 2727 1097 2826 spiritum
1118 2731 1280 2828 copiosi,
1316 2733 1398 2808 resr-

178 2861 239 2912 -nae
257 2853 378 2908 omnes
399 2847 560 2903 recentes
581 2883 591 2920 ,
612 2826 655 2902 dr
675 2829 845 2926 precipui
863 2829 979 2904 dulces
997 2826 1106 2919 succi,
1134 2851 1213 2906 cum
1232 2829 1399 2906 efferves-

187 2953 301 3023 cunt,
331 2949 372 3004 -ut
404 2929 439 3002 iu
463 2921 600 3017 musto,
634 2929 765 3018 melle,
790 2951 1041 3026 pomorumque
1067 2924 1168 3004 succo
1188 2929 1398 3004 notissimum

188 3029 258 3130 est3
284 3027 508 3104 salvatamen
532 3023 658 3122 saporis
687 3025 899 3118 dulcedine,
931 3024 1092 3123 quamdiu
1115 3049 1223 3124 penes
1243 3028 1402 3104 calorem

187 3128 378 3305 inpenitum
394 3123 537 3200 victoria
553 3124 695 3199 steterit
747 3121 910 3236 Eundem
929 3130 994 3224 qul
1011 3125 1239 3221 pyrotechnia
1260 3148 1333 3202 tum
1353 3150 1401 3208 ex

176 3255 223 3307 rc
239 3229 303 3304 rnis
324 3223 494 3322 succisque
517 3221 637 3318 distis,
662 3241 735 3296 tum
755 3247 801 3298 ex
823 3217 928 3296 mistrs
954 3223 1152 3318 corporibus
1175 3223 1399 3300 cunilisedu-

184 3353 269 3405 cere
286 3328 414 3416 liceat,
439 3323 553 3420 passtm
573 3322 608 3396 in
630 3319 807 3420 tyrociniis
822 3319 885 3395 suis
899 3321 1075 3398 inculcant
1096 3323 1127 3396 al
1149 3319 1272 3399 Kimiae
1289 3348 1324 3398 m

179 3425 256 3504 stri.
307 3423 392 3499 Hoc
405 3423 520 3518 itaque
538 3419 659 3510 volui,
694 3419 733 3493 δι
751 3420 786 3494 in
802 3417 954 3493 recentis
981 3420 1174 3520 optimique
1196 3347 1398 3500 balsamiaffi':

188 3547 317 3624 quore,
342 3513 512 3617 superesse
529 3517 658 3608 adhuc,
683 3538 825 3592 tenuem
849 3515 937 3589 hanc
965 3517 1199 3618 aciduiamqrre
1218 3519 1398 3595 substanti·

188 3645 263 3714 am,
283 3617 462 3694 ¹celerioris
478 3615 726 3714 perpetrationis
747 3671 758 3706 ,
793 3613 995 3712 majorisque
1013 3616 1288 3693 condensationis
1309 3639 1397 3711 prae-

190 3721 325 3818 cipuam
345 3713 499 3808 causam,
571 3715 680 3786 amuis
698 3713 856 3812 saporem
875 3707 945 3810 ipse
962 3715 1098 3792 acidum
1125 3737 1195 3790 non
1213 3716 1397 3810 obtineat,

189 3817 349 3920 quamdiu
364 3836 470 3916 penes
496 3814 530 3888 in
546 3831 630 3886 rrum
649 3811 798 3886 calorem
822 3811 1014 3889 dominium
1024 3815 1130 3912 viget.

38 3917 44 3928 '
126 3974 127 3979 ,
238 3911 346 3988 Porro
364 3921 396 3990 ei
414 3915 544 3991 dilium
560 3905 785 4004 Dioscoridis,
812 3932 891 3986 cum
906 3911 1095 4009 interprete
1112 3907 1322 4008 perfacilem
1343 3911 1396 3987 di-

177 4013 353 4092 lutionem
372 4015 552 4112 exprimis,
564 4005 724 4111 addisque
741 4011 912 4186 ratione&
931 4009 982 4081 rei
1000 4007 1132 4114 prorsus
1148 4011 1415 4090 adversantems'

178 4166 185 4176 .
866 4127 869 4167 ³
915 4130 938 4181 o
963 4133 984 4183 2
1298 4129 1406 4188 nem·
