3582 4584
427 331 511 447 '298
580 333 586 354 '
798 263 1224 447 fzyvtnnt'sVefilng'it
1269 341 1273 348 '

427 525 1642 738 diffiditf‘tdllfldnddfflltdlml‘ld:

427 729 497 824 qud
515 724 755 800 terebinthinoe
772 743 910 819 portio,
933 725 1079 800 nonnisi
1097 726 1197 802 tarde
1216 743 1391 823 pertmgrt.
1429 724 1554 820 Itaque
1573 745 1637 798 non

427 823 570 918 fimplex
590 825 695 918 super
712 843 814 916 aquas
831 819 985 897 dilatatio
1001 855 1012 920 3
1046 823 1105 898 sed
1124 827 1157 899 el
1178 823 1293 919 (exsut
1309 829 1448 918 χιῐθιι,
1481 821 1642 895 celeriter

427 920 547 1012 fundi,
572 915 845 1016 Opobalsamum
854 917 1007 996 nostrum
1018 926 1062 998 ab
1080 921 1152 998 aliis
1169 921 1405 1009 discriminat,
1428 938 1559 994 utcum
1578 918 1645 992 Di·

424 1019 583 1096 oscoride
601 1016 875 1114 praecedentibus
892 1020 1094 1116 expositum.
1119 1021 1166 1094 At
1191 1043 1234 1094 ue
1252 1023 1321 1094 hoc
1340 1018 1448 1115 ipsum
1465 1017 1546 1107 eli,
1572 1041 1643 1092 non

425 1118 494 1194 olei
506 1137 604 1190 more
623 1115 796 1209 innatare,
812 1137 870 1192 aut
888 1117 1106 1216 superficiem
1115 1119 1153 1194 in
1161 1045 1289 1194 delam
1307 1116 1481 1214 radiosque
1492 1115 1642 1191 seseex·

424 1215 563 1313 plicare.
613 1214 747 1289 idvero
761 1237 841 1292 curn
856 1214 960 1313 spreti
979 1241 1000 1290 a
1022 1238 1059 1291 te
1077 1216 1218 1293 balsami
1235 1217 1343 1314 liquor
1361 1214 1488 1289 habitio
1509 1216 1529 1286 ὲ
1547 1237 1637 1306 me,

427 1311 575 1408 virisque
598 1312 783 1388 clarissimis
803 1315 986 1405 examine,
1011 1315 1144 1414 optimi
1159 1312 1372 1411 prestiterit,
1398 1311 1633 1387 merit'alaudo

425 1410 610 1508 privandus
623 1431 695 1484 non
716 1410 793 1504 fuit,
843 1413 1000 1490 Alterum
1019 1435 1066 1488 ex
1095 1412 1207 1488 Plinio
1225 1415 1317 1512 quod
1337 1411 1471 1501 affers,
1501 1410 1556 1483 vel
1576 1428 1635 1482 tua

424 1507 655 1600 eonsellrone,
680 1509 815 1584 nonde
836 1511 1158 1610 recenti,adeoque
1175 1511 1304 1586 viribus
1328 1509 1466 1608 integro
1482 1508 1639 1604 Opobal-

422 1603 538 1720 samo}
563 1607 623 1682 sed
637 1627 781 1705 propter
794 1609 943 1705 partium
964 1610 1158 1685 tenuiorum
1170 1607 1441 1706 diffipationcm,
1466 1605 1639 1682 adomnia

424 1705 576 1780 deterrui
600 1707 765 1800 reddito,
805 1707 1004 1782 habendum
1034 1705 1096 1784 ell.
1147 1709 1298 1808 ltaque,
1341 1723 1421 1782 cum
1454 1706 1501 1782 de
1527 1705 1640 1801 priore

423 1801 563 1902 quaestio
579 1804 678 1880 nobis
700 1804 761 1897 srt,
785 1801 885 1882 milio
907 1804 1051 1896 Plinio,
1086 1805 1303 1905 quantumvis
1326 1803 1469 1902 egregio
1494 1801 1637 1901 scripto·
1778 1825 1779 1854 l

421 1927 479 1993 re,
504 1899 696 1976 Aristotelis
714 1902 1021 2000 illudsequemur,
1047 1905 1123 1979 scta»
1140 1903 1207 1977 alvu
1228 1908 1257 1981 el
1277 1913 1384 1994 polet
1402 1913 1568 1996 werp&
1586 1903 1638 1988 nl·

420 2004 602 2090 daldae»,
625 1997 771 2073 sandius
791 1998 861 2076 elle
880 2001 1066 2094 amicitiae,
1093 1999 1311 2094 tuttundo,
1335 1999 1525 2082 veritatem
1542 2018 1637 2074 ante·

422 2097 534 2271 serbe&
555 2193 780 2274 ladtescentiae
790 2197 1051 2294 experimento,
1064 2197 1158 2296 quod
1174 2194 1446 2295 opouunnun
1463 2196 1484 2270 t
1499 2213 1539 2270 te
1550 2199 1639 2294 reie-

420 2292 515 2368 dium
537 2293 787 2372 evidentiffiml
816 2293 995 2389 sustinuit,
1026 2319 1103 2371 rem
1121 2294 1250 2394 pariter
1273 2293 1332 2369 sus
1349 2293 1462 2370 etlam
1484 2296 1637 2370 reddere

419 2393 574 2485 conaris,
599 2391 682 2466 dum
696 2391 735 2469 de
750 2393 932 2469 refinaceis
952 2394 1257 2470 aliirc'ommunem
1277 2417 1299 2468 c
1327 2387 1500 2504 escribie,
1520 2415 1636 2492 neque
1779 2481 1780 2484 Ἴ

418 2509 518 2566 extra
535 2513 660 2587 aquam
671 2509 825 2588 tantum3
850 2492 910 2569 sed
930 2492 1020 2568 intra
1036 2493 1244 2568 considerari
1260 2490 1426 2583 debuiffe,
1450 2489 1523 2566 Hic
1534 2497 1631 2582 vero,

419 2589 715 2685 quemadmodum
732 2593 947 2688 passionum,
972 2591 1196 2668 affe-itionum
1219 2614 1263 2665 ue
1283 2589 1562 2666 communionem
1576 2587 1631 2662 in·

416 2704 473 2760 ter
488 2685 631 2778 refinas,
651 2691 729 2787 jure
748 2709 865 2766 tecum
883 2689 1048 2789 admitt03
1072 2690 1120 2766 fic
1135 2615 1218 2766 illud
1229 2689 1375 2788 ingenue
1394 2709 1545 2780 moneo,
1558 2687 1633 2762 nul·

418 2785 487 2858 lam
506 2783 669 2860 haetenus
686 2788 1043 2888 cognitmnrelinam,
1069 2789 1161 2864 adeo
1176 2790 1349 2902 repente,
1375 2787 1512 2886 latique
1536 2785 1633 2884 super,

416 2883 728 2999 aquamexplicari
740 2943 751 2978 ,
776 2888 902 2962 nullam
923 2888 1012 2964 adod
1026 2887 1204 3001 celeriter,
1218 2885 1631 2998 msrguiterqueladlesce·

412 2981 940 3182 ξ3ξξξι3ξ
955 2982 1634 3183 defundendum

418 3179 631 3270 consideret,
655 3179 740 3256 nihil
759 3181 970 3258 difficultatis
988 3183 1151 3276 exhibet,
1176 3181 1234 3258 vel
1253 3179 1496 3279 ambiguitatis.
1548 3185 1631 3260 Cer·

416 3293 492 3354 tum
512 3276 606 3354 enim
627 3277 700 3371 est,
725 3303 829 3378 quam
851 3279 928 3381 styli
945 3282 1084 3380 cuspide
1100 3279 1333 3379 recolligimus
1346 3281 1537 3377 guttulam,
1558 3283 1628 3380 jam

416 3391 499 3453 ante
523 3375 688 3468 pallorem
707 3379 851 3456 induiffe
869 3379 1035 3474 leflemn,
1063 3383 1165 3480 quim
1189 3381 1276 3477 aqud
1291 3378 1513 3455 exlneretn.

466 3471 630 3545 Tandem
652 3476 695 3548 ad
712 3476 815 3552 telles
830 3481 1010 3576 procedis,
1057 3502 1177 3554 uorum
1189 3496 1327 3574 partem
1343 3473 1632 3578 tacito,utaJunr,

413 3569 508 3666 pede
526 3570 688 3664 preterit.
738 3577 1002 3671 Baldassarem,
1035 3505 1305 3655 drmimaelem
1328 3574 1519 3672 Campioe,
1556 3595 1633 3650 orm

415 3667 601 3765 Josephum
625 3668 850 3768 Densellonr,
885 3701 955 3752 non
978 3677 1135 3776 expende
1152 3697 1273 3752 eorum
1291 3672 1449 3770 scriptit,
1483 3673 1631 3778 smplici

415 3768 515 3862 plaga
535 3765 689 3844 absolvis.
740 3771 803 3845 Me
819 3777 1009 3871 precipue,
1031 3777 1071 3854 δι
1090 3775 1335 3852 celeberrimos
1355 3770 1471 3865 viros,
1494 3772 1629 3869 Λεωγ-

415 3862 497 3952 lium
518 3861 743 3960 Parisanum,
768 3869 807 3946 dt
829 3873 1001 3968 loannem
1023 3877 1191 3974 Narpium
1210 3875 1245 3948 in
1269 3869 1492 3972 quaestionem
1520 3873 1626 3946 advo·

413 3978 491 4086 cas,
515 3962 593 4064 quia
622 3967 714 4047 datia
736 3968 843 4054 literit
868 3969 1005 4066 missum
1030 3975 1132 4058 nobis
1160 3971 1462 4071 opobalsamum,
1505 3977 1631 4142 mig
