3544 4592
475 237 534 312 ιτ
595 299 604 310 ,
674 200 1037 312 'raosrnnr
1087 233 1316 316 statur
1362 241 1457 320 tn.
1564 258 1573 268 ·

479 427 552 501 tur,
563 409 637 484 Brrli
655 409 819 486 frudlibus
836 411 968 506 prorsus
985 411 1245 508 ssmiles,leves,
1259 415 1357 516 gustu
1375 420 1480 494 atnari
1495 419 1547 497 δι
1572 419 1768 502 ὃόίὶήη·

477 529 609 608 gentes.
636 507 879 586 GUlLAND.
930 513 996 588 Cui
1017 513 1159 588 dubium
1178 515 1268 590 hanc
1291 521 1449 592 arborem
1467 519 1674 616 Lycium
1704 525 1768 600 In·

478 610 595 683 dicum
611 606 687 680 fore
700 609 947 706 judicandum,
972 612 1079 686 modo
1096 611 1294 687 Dioscoridi
1311 617 1525 692 credendum
1552 618 1642 711 fit,
1697 647 1768 722 qur

477 705 586 804 ipsum
605 705 656 778 his
679 705 837 802 profeslb
855 710 972 782 verbis
993 708 1236 807 descripserat,
1262 713 1398 792 dicens:
1425 717 1660 806 „Tradunt
1694 723 1768 796 In-

478 857 501 898 „
526 804 643 881 dicum
662 805 736 879 fieri
762 806 911 903 Lycium
929 832 975 882 ex
994 807 1118 882 frutice
1139 810 1349 888 Loncbiride
1369 814 1569 910 appellato:
1597 817 1647 890 id
1677 817 1763 916 spi-

477 957 502 997 „
527 927 648 977 narum
667 909 787 1001 generi
808 903 1002 997 ascribitur,
1027 930 1141 986 ramos
1160 909 1271 984 restes
1290 911 1421 986 habens
1440 932 1601 986 ternum
1631 917 1757 990 cubi-

478 1055 503 1096 „
527 1024 640 1078 torum
658 1003 887 1100 longitudine,
912 1006 1107 1103 majoresve
1118 1015 1141 1096 ,¹
1148 1011 1236 1090 rubo
1258 1011 1449 1102 crassiores,
1463 1013 1483 1084 a
1497 1009 1653 1086 radice
1672 1038 1753 1086 rru-

479 1155 503 1194 „
528 1099 696 1192 merosos.
721 1099 848 1175 nauus
872 1121 995 1178 cortex
1020 1103 1169 1180 rubescit
1198 1106 1281 1181 folio
1307 1109 1392 1183 oleae
1418 1107 1544 1184 stmilis.
1617 1113 1644 1142 ''
1676 1111 1750 1186 Ex

477 1199 578 1300 hujus
594 1199 726 1275 fruticis
742 1199 914 1276 radicibus
925 1199 1072 1278 forsitan
1089 1227 1210 1278 verum
1238 1205 1375 1280 succum
1399 1209 1419 1279 t
1436 1207 1537 1286 uobis
1571 1208 1743 1282 deside-

479 1318 593 1374 ratum
618 1298 663 1372 illi
686 1299 867 1396 colligunt,
892 1298 1071 1398 ipsumque
1098 1326 1162 1399 pro
1185 1301 1245 1378 usu
1276 1303 1337 1376 illis
1366 1325 1438 1378 non
1464 1304 1591 1380 deelso
1614 1326 1734 1402 puto.

480 1393 639 1472 ALPIN.
691 1399 915 1496 Quamquam
944 1397 994 1474 ibi
1023 1401 1131 1475 multa
1155 1402 1257 1498 copia
1289 1401 1393 1498 Lycii
1416 1401 1730 1492 circumferatur,

481 1514 601 1572 tamen
616 1495 733 1570 nescio
751 1519 796 1570 an
814 1521 860 1570 ex
872 1496 941 1571 hoc
956 1495 1051 1572 illum
1065 1496 1190 1574 frutice
1208 1499 1414 1589 conficiant,
1429 1499 1569 1599 quandb
1592 1523 1731 1598 neque

480 1592 572 1670 banc
586 1595 740 1692 plantam
759 1595 899 1692 copiosd
913 1595 950 1671 in
967 1593 1127 1708 AEgypto
1152 1599 1336 1696 provenire
1366 1598 1623 1697 cognoverim,
1653 1621 1727 1672 ne-

505 1718 550 1770 ue
569 1693 640 1768 fcio
654 1693 718 1768 illis
736 1691 806 1768 esse
822 1714 954 1771 notam.
1004 1695 1181 1794 Siquidem
1203 1697 1353 1794 Lycium
1376 1699 1420 1772 ab
1447 1696 1508 1772 illis
1538 1699 1723 1772 usitatum

544 1817 604 1867 um
624 1815 667 1866 ac
684 1791 916 1868 adulteratum
942 1790 1013 1868 esse
1046 1793 1202 1870 arbitror.
1252 1793 1326 1869 Hic
1350 1794 1444 1868 enirn
1472 1793 1626 1887 succus,
1656 1792 1721 1891 qui

482 1915 529 1968 ex
551 1893 689 1968 Arabiae
705 1891 791 1966 locis
807 1890 1015 1987 asportatur,
1040 1891 1142 1978 dtuus
1159 1889 1211 1966 est
1225 1893 1390 1991 nigerque
1414 1892 1584 1984 exterius,
1613 1895 1718 1966 Aca·

483 1990 548 2066 ciae
567 1988 670 2065 succo
684 1989 786 2064 valde
801 1987 924 2065 fimitis.
948 1988 1074 2066 nauus
1100 1990 1190 2066 intus
1208 1993 1363 2066 colorem
1387 1991 1479 2064 aloes
1500 1989 1715 2088 praeseferre

480 2089 650 2179 videtur,
683 2087 792 2162 odore
817 2085 984 2179 obscure,
1008 2110 1079 2162 non
1106 2086 1266 2188 ingrato,
1297 2087 1417 2183 sapore
1443 2088 1616 2182 subdulci,
1644 2086 1712 2159 ad-

416 2227 419 2234 *
482 2186 692 2286 stringente,
716 2185 835 2260 nullius
852 2185 1087 2262 amaritudinis
1102 2186 1289 2284 participe:
1315 2184 1533 2284 viscosasque
1552 2183 1625 2275 est,
1653 2182 1707 2254 di-

482 2281 1624 2481 lsitllleallllfflpllslli‘slebsllllleffinlllllnl
1643 2300 1705 2450 ll?

449 2521 451 2526 v
484 2487 587 2575 beat,
611 2507 725 2581 neque
744 2437 825 2580 igrie
842 2477 1061 2569 succensum,
1085 2476 1157 2555 sive
1172 2479 1339 2580 ignitum,
1352 2481 1596 2554 rubescentem
1617 2475 1702 2550 ede·

484 2607 523 2659 re
541 2582 714 2678 spumam,
739 2600 778 2653 ut
791 2578 889 2652 multi
902 2578 948 2652 de
964 2601 1051 2653 vero
1074 2578 1188 2676 Lycio
1208 2577 1441 2665 tradiderunt,
1465 2574 1695 2668 observamus.

481 2679 732 2754 ‚GUlLAND.
756 2677 828 2751 Sed
853 2699 914 2750 cur
930 2695 969 2752 tu
985 2697 1109 2750 venun
1131 2674 1271 2752 succum
1292 2699 1337 2748 ex
1369 2673 1472 2771 Uzeg
1499 2671 1695 2770 perquirere

485 2799 557 2852 non
579 2770 748 2861 studuisti,
772 2795 882 2870 eaque
899 2773 958 2848 via
972 2793 1106 2848 certant
1128 2773 1231 2871 Lycii
1256 2770 1348 2846 succi
1377 2771 1609 2870 cognitionem
1633 2789 1695 2840 ve-

486 2889 587 2950 natus
609 2893 679 2949 non
699 2882 762 2944 es?
793 2868 952 2946 ALPlN.
977 2869 1083 2948 Hanc
1098 2871 1251 2968 plantam
1271 2889 1405 2946 tantum
1420 2869 1480 2944 ubi
1497 2868 1534 2942 in
1552 2866 1693 2962 patriam

446 3037 449 3042 .
486 2971 639 3051 redirem
652 2968 739 3044 mibi
755 2964 919 3066 spessasse
934 2967 1102 3068 contigit,
1127 2967 1265 3069 quando
1289 2992 1335 3044 ex
1361 2969 1446 3043 urbe
1472 2964 1577 3043 cairo
1613 2965 1691 3039 Ale

485 3072 667 3154 xandriam
686 3091 749 3168 per
763 3065 1037 3186 Nilumnllumen·
1052 3069 1238 3181 navigans,
1262 3067 1370 3162 proprl
1390 3063 1482 3178 banc
1504 3066 1620 3140 urbem
1642 3059 1689 3134 su-

487 3162 1358 3362 pqupgeuspgptsaellppttqngzietptgsamcdpndprqqrpsslug,
1375 3161 1686 3358 rgpasfrfiarpppsntpllg

488 3367 632 3446 maturis
652 3363 871 3461 inspexerim.
920 3363 978 3438 Ex
997 3365 1116 3464 quibus
1138 3383 1272 3437 ramum
1286 3359 1467 3456 decerpsi,
1500 3378 1598 3458 atque
1617 3375 1684 3431 me·

492 3487 573 3544 etun
587 3463 832 3540 Alexandriam
852 3461 970 3536 detuli.
1023 3464 1107 3556 Quo
1122 3460 1247 3537 frutice
1273 3459 1350 3534 satis
1366 3457 1599 3547 confiderato,
1620 3457 1682 3548 Ly·

491 3566 585 3643 cium
606 3562 677 3640 effe
700 3561 808 3661 ipsum
823 3560 983 3659 cognovi.
1010 3585 1122 3660 neque
1140 3559 1212 3657 ipso
1235 3559 1375 3658 cognito
1397 3579 1534 3654 tempus
1553 3551 1656 3630 mihis
1667 3589 1681 3611 ι

494 3664 621 3762 perluit
645 3663 689 3738 ad
702 3659 963 3760 experiendum
990 3667 1064 3758 ejus
1089 3660 1263 3737 succumb
1285 3657 1456 3734 radicibus
1486 3652 1678 3751 expressim,

494 3763 622 3864 quippe
645 3760 806 3852 coruus,
836 3759 1089 3857 quamprimum
1105 3758 1349 3836 Alexandriam
1377 3752 1610 3867 pervenerim,
1629 3771 1678 3828 nt·

491 3862 566 3943 ritu
582 3885 644 3940 nos
660 3882 725 3962 pro
746 3860 871 3939 itinere
880 3857 930 3938 ibi
953 3877 1169 3955 morantem,
1185 3856 1598 3956 conscendere‚e1perm
1618 3871 1675 3960 nm

1597 3967 1674 4048 potu
