3544 4592
415 357 442 432 8
606 335 1050 422 PROSPERI
1099 337 1408 424 ALPINI

420 523 482 599 des
514 517 715 618 prodiderit.
767 519 1028 618 Gummamque
1060 517 1170 608 harro,
1203 543 1317 630 ‚quam
1344 517 1427 599 salso
1456 518 1661 600 Arabicam·

259 627 262 636 “
420 621 609 719 appellant,
636 621 749 716 ajunt,
775 616 845 691 esse
863 619 1008 694 similem
1032 617 1144 714 potiris
1170 618 1310 692 adratum
1332 623 1494 696 'arborum
1518 620 1646 718 quippe

422 717 635 808 cerasorum,
668 739 877 814 prunomm,
908 717 1139 814 perficorum,
1170 740 1378 812 pomorum,
1414 728 1645 817 pyrorumque

417 816 580 918 gummis.
632 815 754 907 Quare
786 839 908 890 veram
935 815 1145 906 Arabicam,
1175 817 1234 889 vel
1260 814 1489 913 AEgyptiam,
1514 842 1584 914 quae
1607 818 1645 892 in

423 915 580 994 Caudice
605 913 730 988 acaciae
750 915 902 1006 arboris,
927 934 965 988 ut
989 913 1170 1010 scriptores
1195 912 1377 988 herbarum
1402 917 1645 1014 prodiderunt,

391 1045 395 1054 ·
421 1014 591 1114 gignitur,
609 1036 825 1112 nequaquam
842 1012 996 1110 reperiri.
1044 1011 1345 1088 -GVILAND.·
1396 1013 1494 1106 Quid
1502 1035 1539 1087 tu
1549 1037 1593 1087 ea
1602 1015 1647 1088 de

423 1138 462 1188 re
487 1111 611 1188 sentis?
646 1137 713 1211 ego
735 1137 820 1187 vero
842 1112 966 1186 horum
985 1109 1054 1185 esse
1071 1133 1179 1208 nugas
1196 1129 1292 1206 puto.
1318 1109 1432 1186 ALP
1446 1112 1511 1206 [N.
1563 1111 1651 1186 Hoc

423 1215 519 1286 terre
548 1210 640 1302 scio,
670 1234 730 1285 me
763 1210 941 1308 sepissime
968 1207 1061 1283 hisce
1090 1209 1248 1284 manibus
1279 1207 1375 1282 Cairi
1403 1209 1442 1285 in
1466 1209 1648 1286 Viridariis

424 1309 538 1386 multis
565 1307 690 1384 acatiae
720 1309 896 1386 arboribus
923 1307 1079 1401 refertis,
1103 1307 1320 1404 exipsorum
1347 1308 1475 1382 truncis
1503 1310 1648 1384 multam

425 1406 615 1507 collegisse:
642 1430 684 1480 ac
701 1407 887 1506 praesertim
902 1409 938 1484 iu
957 1406 1131 1483 Viridario
1152 1411 1260 1504 prope
1282 1406 1393 1480 aedem
1410 1406 1540 1482 Veneti
1554 1409 1648 1485 Con-

397 1512 400 1520 '
425 1509 502 1584 sutis
520 1506 649 1604 posito,
666 1505 783 1607 inquo
799 1506 875 1580 sunt
889 1509 1002 1581 multae
1016 1509 1155 1580 arbores
1172 1503 1318 1601 acaciae,
1330 1529 1376 1579 ex
1392 1504 1512 1604 quibus
1532 1507 1647 1580 Gum-

427 1633 487 1682 ma
503 1623 640 1696 manat,
654 1629 744 1702 pace
757 1605 967 1680 Dioscuridis
980 1603 1146 1693 dixerim,
1159 1625 1230 1678 non
1242 1622 1336 1694 tota,
1350 1601 1411 1678 sed
1425 1603 1644 1700 pauciffima,

429 1731 503 1804 quae
526 1704 743 1778 vermiculari
756 1703 874 1778 sorma
897 1697 1095 1801 spesietur‚
1120 1725 1233 1800 neque
1246 1722 1322 1776 tota
1347 1703 1451 1794 arba,
1482 1727 1524 1776 ac
1548 1705 1649 1778 clara.

427 1807 514 1881 Uno
521 1802 652 1878 etenim
663 1805 832 1894 colore,ac
839 1827 906 1876 una
915 1804 1023 1901 figura
1035 1799 1233 1898 neutiquam
1240 1825 1363 1875 omnes
1377 1803 1503 1877 acaciae
1518 1801 1647 1876 arboris

425 1928 576 2004 gummae
601 1900 811 1998 spessantur,
831 1902 1003 1998 talemque
1025 1899 1174 1978 sormam
1191 1900 1247 1973 vel
1261 1901 1406 2013 figuram
1417 1899 1543 1997 accipit
1551 1925 1650 2000 gum-

428 2028 507 2095 ma,
532 2001 668 2099 qualem
696 2019 811 2074 motus
829 1999 921 2074 succi
945 2007 964 2074 ἑ
989 2000 1120 2074 cortice
1142 2019 1313 2074 manantis
1341 1999 1401 2074 fit.
1450 2001 1573 2090 Nam,
1598 2000 1650 2074 in·

428 2102 531 2177 terim
548 2099 605 2174 ubi
628 2098 815 2173 admodum
836 2097 888 2192 est
900 2095 1125 2188 crassus,non
1143 2098 1288 2172 multum
1295 2097 1453 2174 deorsum
1469 2117 1649 2190 movetur,

430 2201 491 2275 sed
510 2197 624 2272 statim
645 2195 717 2272 ferd
738 2218 896 2272 excretus
907 2197 1086 2288 coalescit,
1102 2194 1312 2296 granosaque
1328 2221 1471 2296 gumma
1490 2217 1573 2272 tunc
1588 2199 1648 2284 fit,

428 2297 587 2375 tenuiore
601 2320 686 2370 vero
699 2294 800 2372 succo
811 2317 972 2387 exeunte,
984 2297 1193 2392 multumque
1202 2294 1519 2394 fluxili,aliqoando
1530 2295 1651 2371 oblon-

432 2423 513 2500 gam
532 2419 709 2496 gummam
727 2395 858 2486 reddit,
885 2415 986 2494 atque
1001 2418 1071 2470 uno
1086 2396 1195 2468 verbo
1212 2392 1310 2485 dico,
1339 2419 1398 2468 me
1418 2393 1539 2470 vidisse
1552 2419 1651 2494 gum·

432 2521 508 2572 mas
526 2495 737 2587 acaciarum,
752 2496 861 2594 figura
878 2514 980 2592 atque
996 2481 1111 2568 colore
1127 2490 1301 2590 plerasque
1319 2491 1511 2569 cerasorum
1524 2516 1650 2590 pruno-

433 2617 556 2670 rumve
580 2594 728 2691 gummis
749 2593 841 2668 haud
867 2593 1046 2669 dissimiles.
1096 2587 1271 2666 Praeterea
1289 2591 1375 2667 scies
1401 2615 1566 2690 quoque,
1597 2612 1652 2665 to-

435 2715 509 2767 tam
525 2715 743 2790 gummarum
760 2692 1007 2789 quantitatem,
1032 2715 1104 2791 quae
1131 2689 1175 2765 ad
1193 2713 1256 2764 nos
1277 2713 1322 2764 er
1342 2690 1502 2788 AEgypto
1522 2711 1653 2767 conve-

435 2792 548 2881 hitur,
570 2785 639 2863 effe
660 2787 784 2862 acaciae
803 2792 981 2864 arborem:
1004 2788 1141 2886 quando
1154 2791 1250 2863 ntdla
1262 2788 1311 2864 ibi
1322 2792 1423 2865 arbor
1437 2789 1497 2883 sat,
1511 2791 1579 2866 hac
1592 2813 1654 2863 ex·

331 2903 334 2910 ’
435 2909 557 3002 cepta,
583 2912 656 2987 quae
684 2911 852 2999 gtunmas·
866 2889 1001 2963 educat.
1051 2887 1225 2986 AEgyprus
1252 2887 1417 2985 siquidem
1440 2912 1482 2961 ac
1500 2889 1652 2979 Arabia,

293 3025 297 3034 ·
436 3012 572 3088 prums,
586 2987 732 3078 cerafis,
757 3010 888 3084 ponus,
914 3005 1015 3098 atque
1035 2983 1106 3060 asiis
1121 2984 1305 3084 gummosrs
1321 2983 1496 3063 arboribus
1510 2987 1653 3064 omninb

421 3101 544 3165 ‘caret
581 3087 638 3162 Ex
652 3109 729 3198 “quo
745 3109 816 3160 non
841 3108 887 3163 ex
910 3087 995 3177 aira,
1011 3085 1112 3184 quim
1135 3107 1180 3159 ex
1209 3084 1327 3177 acacia
1342 3109 1504 3184 gummas
1521 3089 1653 3162 Arabes

438 3213 480 3264 ac
514 3186 676 3286 AEgyptu
703 3185 877 3286 colligunt.
928 3182 1175 3262 GVILAN
1187 3183 1234 3257 D.
1285 3184 1408 3258 Vetas
1456 3186 1563 3279 ueris,
1593 3183 1653 3262 sed

439 3289 497 3364 dic
526 3283 638 3385 quaeso
668 3282 777 3360 etiam
804 3286 877 3384 ejus
901 3282 1058 3358 medicos
1077 3279 1175 3371 usus,
1201 3304 1286 3380 quos
1301 3301 1341 3357 tu
1360 3305 1428 3379 apu
1471 3309 1549 3360 eam
1568 3308 1653 3384 gen-

334 3393 337 3399 ’
440 3406 514 3461 “¹¹¹
546 3373 1106 3559 P‘disbesr‘rsbssridr
1132 3377 1304 3553 sss?
1323 3381 1656 3559 ‘rsirsddd

441 3503 558 3673 iiiii}
590 3579 700 3672 soliis,
725 3583 782 3657 vel
807 3508 1034 3655 eirsrudtibus
1060 3504 1202 3651 etiarn.p
1230 3535 1334 3652 811ch
1357 3579 1455 3678 hujus
1473 3581 1655 3678 ususapud

442 3705 504 3758 eos
523 3679 806 3780 frequentiffimus
823 3676 874 3754 est
890 3681 934 3754 ad
946 3678 1071 3752 oculos
1087 3677 1317 3770 roborandos,
1343 3698 1444 3778 atque
1461 3684 1503 3758 ab
1522 3681 1657 3756 inflam-

443 3781 672 3871 mationibus,
704 3804 776 3878 quae
803 3780 851 3856 ibi
879 3776 955 3853 sunt
982 3775 1276 3875 frequentisstmae,
1310 3778 1473 3856 tuendos:
1498 3781 1655 3872 adoris,

442 3879 644 3980 auriumque
679 3880 796 3955 omnia
826 3879 963 3970 ulcera,
987 3898 1149 3956 necnon
1178 3874 1223 3949 ad
1249 3877 1414 3952 labiorum
1438 3878 1586 3974 fissuras,
1613 3881 1656 3954 ad

448 3981 573 4060 dentes
592 3981 799 4062 collabentes
821 3975 1054 4073 roborandos,
1071 3995 1172 4074 atque
1191 3975 1396 4070 firmandos,
1413 3977 1518 4062 succo
1533 3983 1570 4062 in
1584 3981 1658 4078 pul-

1507 4111 1511 4118 ,
1597 4101 1660 4152 ve-
