3544 4592
36 50 44 295 l

280 331 388 413 nn
435 327 786 460 suturis
836 262 1179 412 norrrr.
1304 351 1351 434 ι,

116 511 160 584 de
176 509 350 588 mirabile
378 507 541 610 videtur)
565 507 717 586 foeminae
748 509 967 608 concipiunt,
993 533 1035 587 ac
1063 509 1292 603 smstilicant‚
1316 511 1354 590 ni

116 606 150 683 in
169 611 288 687 ramis
304 611 411 686 maris
429 609 578 686 soeminae
596 632 710 684 ramos
729 609 845 710 aliquis
864 611 1120 707 permiscuerit,
1150 633 1191 684 ac
1218 609 1252 684 se
1271 635 1354 709 qua-

114 708 317 786 siosculari
339 709 544 809 permiserit.
597 707 756 808 Plerique
775 711 934 784 soeminas
963 730 1002 783 ut
1032 710 1257 801 foecundent,
1280 733 1353 786 non

113 831 263 900 ramos,
291 810 352 886 scd
370 811 551 908 pulverem
571 809 660 884 intra
684 808 787 882 maris
805 807 1020 883 involucrum
1052 809 1231 885 inventam
1252 807 1352 906 supra
1390 843 1406 875 ο

103 903 346 982 soeminarum
370 933 502 999 ramos,
528 928 631 1006 atque
662 931 723 982 cor
741 907 924 1006 spargunt,
957 909 1014 982 vel
1044 909 1100 982 alii
1122 909 1224 984 flores
1249 910 1353 982 maris

114 1007 278 1100 pulveris
304 1009 382 1081 loco
407 1007 565 1106 spargere
589 1006 707 1080 solent.
733 1007 779 1081 Ni
801 1006 895 1080 enim
913 1006 1074 1106 AEgyptii
1096 1007 1166 1081 hoc
1182 1005 1351 1101 fecerint,

114 1104 184 1177 stne
206 1105 323 1180 dubio
339 1106 489 1180 soeminae
507 1107 562 1180 vel
589 1107 695 1179 nullos
717 1103 844 1179 studius
870 1103 1008 1197 serent,
1034 1107 1089 1180 vel
1106 1131 1190 1205 quos
1214 1105 1350 1198 ferent,

112 1223 185 1276 non
211 1205 444 1294 retinebunt,
470 1227 582 1302 neque
612 1203 646 1275 hi
670 1223 914 1278 maturescens.
942 1204 1185 1280 GUlLAND.
1237 1203 1346 1280 Haud

117 1301 340 1376 credendam
365 1299 464 1394 illam
480 1305 669 1398 palmarum
686 1302 975 1398 conceptionem,
1001 1326 1075 1400 quae
1101 1303 1141 1377 srt
1167 1321 1241 1376 arte
1266 1305 1286 1376 'a
1310 1321 1347 1378 te

116 1420 280 1492 narrata,
306 1424 451 1499 arguere
467 1401 630 1474 videntur
646 1401 817 1473 innumeri
837 1399 972 1491 dactili,
999 1401 1056 1498 qui
1080 1401 1115 1474 in
1131 1401 1269 1476 ‘Arabia
1285 1401 1349 1476 de-

8 1506 9 1510 ’
120 1495 223 1574 sertis
243 1498 460 1595 seruntur3in
476 1499 597 1596 quibus
624 1497 836 1596 sylvestrium
852 1500 1042 1595 palmarum
1059 1497 1159 1596 sylvae
1172 1499 1350 1595 reperiun-

81 1609 86 1614 ’
119 1613 194 1688 tur,
220 1623 294 1698 quae
313 1599 385 1675 srne
408 1597 589 1672 hominum
611 1599 702 1670 cultu
722 1597 871 1695 optimos
888 1596 1018 1672 frusius
1034 1621 1076 1670 ac
1093 1598 1249 1693 copiosos
1265 1623 1347 1696 pro-

120 1693 274 1788 ducunt,
298 1698 476 1787 retinent,
502 1719 544 1769 ac
576 1716 774 1786 maturant,
808 1718 853 1770 ex
881 1719 949 1793 quo
971 1696 1091 1794 judico
1115 1695 1273 1770 soeminas
1299 1699 1344 1772 ad

123 1790 385 1871 iucunditatem
402 1794 539 1870 moveri
559 1817 628 1868 non
652 1795 773 1884 ramis,
796 1794 853 1868 vel
877 1794 1095 1890 pulveribus,
1120 1814 1178 1869 aut
1203 1795 1345 1872 floribus
1376 1859 1383 1871 .

8 1923 9 1930 ¹
125 1895 286 1986 marium,
311 1915 350 1968 ut
370 1895 522 1985 Plinius,
549 1913 651 1991 atque
670 1892 725 1966 alii
753 1912 887 1990 quoque
904 1893 1158 1983 meminerunt,
1182 1892 1242 1967 sed
1271 1904 1351 1968 ma-

127 1991 177 2086 gis
199 2017 266 2068 non
286 1992 383 2067 secus
403 1994 505 2091 quani
527 1993 597 2066 aliae
616 1994 754 2068 arbores
776 1992 929 2066 radicum
956 1992 1123 2082 marium,
1155 2011 1257 2090 atque
1280 1991 1344 2068 sor-

128 2089 476 2166 minarumcontaciu
500 2089 618 2164 facere
636 2089 764 2181 solent,
789 2089 824 2164 se
851 2091 896 2164 ad
918 2091 1182 2165 foecunditatem
1204 2115 1339 2188 parare.

126 2185 289 2267 ALl'lN.
341 2191 474 2266 Arabes
492 2191 681 2286 palmarum
704 2190 811 2262 cultus
863 2189 941 2264 eriti
965 2189 1241 2288 respondebunt,
1266 2191 1340 2288 pal-

126 2304 253 2362 mamm
269 2289 532 2364 soecunditatem
564 2289 598 2363 in
618 2287 753 2363 Arabiae
778 2213 940 2379 desistis,
975 2289 1057 2363 licet
1081 2309 1154 2363 arte
1178 2312 1249 2363 non
1273 2291 1336 2364 fiat

128 2383 282 2482 (quando
300 2388 337 2462 in
358 2387 410 2462 his
430 2385 512 2461 locis
532 2388 584 2462 hae
604 2390 766 2476 arbores,
791 2406 829 2460 ut
848 2385 978 2461 dissum
999 2384 1070 2476 est,
1095 2387 1165 2462 line
1185 2389 1249 2461 ulla
1268 2389 1339 2462 cul-

127 2484 337 2560 maratus
355 2482 571 2585 producant)
596 2486 760 2584 adjuvare
776 2505 901 2560 ventos
912 2541 923 2569 ,
935 2486 1084 2559 marium
1103 2485 1244 2561 bramis
1261 2487 1336 2582 pul-

129 2599 238 2676 veres,
263 2585 433 2684 floresque
453 2583 497 2659 ad
521 2607 636 2659 ramos
655 2583 872 2659 soeminamm
889 2581 1110 2680 asportantes.
1159 2583 1337 2658 Radicum

130 2680 288 2780 uniusque
319 2682 419 2758 sexus
449 2681 638 2780 palmarum
664 2702 820 2755 mutuam
849 2679 1127 2781 conjunsiionem
1157 2680 1226 2757 elle
1252 2705 1336 2759 con-

131 2780 286 2874 ceptionis
300 2779 453 2873 causam,
479 2781 666 2864 dicendum
680 2803 750 2855 non
766 2801 871 2877 puto,
895 2779 1031 2879 quando
1054 2780 1100 2855 stc
1118 2781 1335 2858 brevioribus

129 2877 286 2956 radicibus
305 2882 425 2978 palmae
445 2903 568 2956 omnes
584 2880 719 2954 donata
740 2878 828 2971 sint,
851 2901 890 2954 ut
913 2881 976 2955 etsr
996 2878 1070 2955 fert
1100 2879 1195 2954 srmul
1220 2882 1336 2958 colia·
1371 2915 1373 2920 ·

128 2995 231 3068 reant,
255 2981 362 3053 nullus
383 3000 501 3055 tamen
526 2979 683 3054 radicum
714 2977 891 3053 comasius
920 2979 1011 3054 inter
1031 3002 1090 3053 eas
1120 2977 1190 3053 esse
1212 2979 1334 3077 poffit,

127 3073 336 3177 mirabileque
356 3077 468 3168 disto,
480 3079 670 3176 palmamm
694 3076 864 3152 altissimos
885 3075 1151 3175 vaffiffimosque
1170 3079 1332 3153 caudices

127 3167 178 3246 seu
203 3195 341 3252 mmcos
370 3175 468 3276 polle
492 3177 539 3253 src
559 3175 742 3266 brevibus,
776 3174 1013 3267 tenuioribus,
1045 3175 1333 3274 paucioribusque

126 3271 284 3350 radicibus
303 3275 340 3350 in
365 3287 444 3351 aere
481 3272 656 3351 subsistere
676 3331 688 3366 ,
712 3295 825 3373 neque
847 3274 905 3352 sua
922 3277 1029 3350 multa
1046 3275 1332 3374 gravitate,ven-

125 3369 223 3470 tkrp-re
241 3375 351 3450 etiam
364 3373 630 3451 vehementibus
648 3373 735 3469 saepe
759 3371 849 3470 ipsos
879 3375 1112 3472 quatientibus
1130 3373 1226 3449 humi
1245 3397 1331 3450 con-

122 3467 239 3548 cidere.
271 3473 439 3563 Accedit,
465 3473 558 3574 quod
581 3471 732 3547 caudicis
748 3469 922 3569 postrema
934 3496 1013 3572 pars
1033 3471 1129 3549 humi
1145 3473 1328 3572 proxima,

123 3571 243 3660 pondus
265 3571 368 3648 totius
385 3573 514 3648 arboris
533 3569 696 3646 sustinens
718 3573 828 3646 multo
857 3573 1032 3672 gracilior,
1058 3593 1161 3671 atque
1183 3572 1331 3648 debilior

125 3667 241 3766 reliquo
260 3671 405 3750 caudice
426 3668 552 3746 existit.
602 3668 698 3746 Hinc
721 3671 1106 3771 pluresAEgyptiorum
1132 3672 1201 3746 hoc
1222 3672 1328 3744 mira·

127 3765 192 3840 mlo
212 3769 302 3845 dosii
328 3769 469 3860 dixere,
502 3770 634 3865 palmas
662 3793 735 3846 non
753 3791 845 3844 terra
875 3769 1047 3845 radicibus
1072 3769 1240 3859 aurasia,
1265 3767 1327 3843 sed

127 3871 194 3937 t'e're
209 3891 253 3942 ex
269 3867 455 3942 sublimiori
473 3869 603 3944 arboris
622 3887 721 3965 parte
739 3869 803 3965 ali,
814 3893 855 3944 ac
875 3869 1020 3956 vivere,
1037 3868 1128 3966 quod
1145 3867 1327 3942 hacetiain

130 3965 308 4062 conjectura
325 3967 387 4044 fibi
402 3965 480 4066 ipsrs
495 3965 713 4067 persuadent.
739 3967 837 4062 Quia
854 3967 879 4048 sr
896 3969 1018 4067 palma
1042 3965 1215 4048 sublimior
1230 3987 1325 4061 pars,

1205 4081 1326 4160 wquana
