3544 4592
271 367 1150 466 ιινιιιιιιιιιιιιοιιιι
1282 321 1328 470 »3

109 561 324 642 milioribus
337 555 646 653 ,candidianum
679 572 780 652 atque
805 548 1048 649 asperioribus,
1073 549 1164 648 quod
1178 545 1253 622 haec
1270 540 1331 620 sol

107 667 148 739 lia
173 687 251 740 non
278 662 342 738 nili
366 655 603 755 magnitudine
631 675 672 725 ac
697 650 827 741 sorma,
862 654 882 725 *a
912 649 998 722 ficus
1017 646 1120 722 ‘foliis
1153 645 1325 721 differant.

106 759 377 840 Guthalus),
407 757 514 832 Unde
542 749 703 849 AEgyptii
734 750 854 824 dicunt
879 766 1012 823 tantam
1042 746 1133 820 hanc
1165 748 1332 820 arborem·

108 863 341 936 haberecum
356 857 426 932 fico
454 853 493 928 ἃ
512 874 612 926 ιιιοιο
635 847 906 936 srmilitudinem,
936 845 972 918 in
1002 868 1068 942 qua
1090 844 1259 942 utriusque
1283 844 1331 919 li«
1370 861 1376 876 ·

108 949 594 1130 ultramarini
613 945 914 1122 rllssfi
928 943 1027 1142 {llra
1041 967 1192 1118 dull
1209 944 1332 1116 alut

112 1153 314 1228 saccharum
330 1107 471 1226 serentis
490 1147 587 1244 supra
605 1145 759 1222 radicem
777 1142 962 1217 colocassrae
983 1067 1146 1240 aiiipuibus
1172 1137 1224 1215 est
1254 1141 1328 1214 sua·

110 1251 198 1328 sun:
225 1251 325 1350 quod
347 1269 466 1323 tamen
485 1244 639 1320 nondum
657 1240 871 1339 experientia
890 1264 1009 1316 verunt
1028 1239 1097 1316 effe
1115 1239 1230 1314 didici.
1274 1237 1331 1314 Sia

113 1373 154 1424 ne
171 1351 286 1427 dubio
304 1349 341 1422 in
370 1346 436 1421 hac
452 1347 597 1437 arbore,
622 1361 778 1433 truncus,
803 1340 910 1431 rami,
944 1359 1133 1438 cortexque
1159 1338 1329 1435 ipsorum,

113 1447 259 1540 srucltrs,
287 1450 358 1538 lac,
382 1439 742 1538 soliorumusperitar,
762 1439 923 1536 colorque
949 1437 1009 1512 fici
1033 1456 1197 1535 apparet3
1222 1433 1262 1510 δι
1275 1434 1330 1509 so·

116 1544 234 1620 lionnn
252 1547 384 1644 figura,
408 1539 611 1641 magnitudo
629 1561 728 1612 moro
742 1536 937 1634 respondet.
986 1535 1129 1611 Frudlus
1154 1535 1356 1632 actarde,-

117 1635 1163 1833 snutnltsdttlttlsseltlltgltlitlltalia
1176 1635 1331 1831 ᾞῗὲἓὲ

118 1855 172 1912 nus
191 1839 326 1914 frucltu
344 1835 535 1934 perfectam
551 1832 817 1908 maturationem
836 1829 1094 1930 consequantur.
1143 1830 1250 1906 Haec
1270 1833 1331 1904 ar‘2

122 1939 194 2030 bor,
223 1959 267 2013 ut
287 1936 384 2011 multi
405 1936 513 2010 etiarn
538 1931 790 2022 meminerunt,
815 1931 865 2004 fic
886 1927 938 2004 est
961 1927 1142 2021 soecunda,
1175 1950 1214 2003 ut
1246 1951 1334 2004 nun-

123 2057 218 2132 quam
237 2034 356 2110 multis
371 2031 535 2108 fructibus
550 2051 685 2120 careat,
734 2027 923 2104 uicaudici
949 2029 1199 2120 adnascuntur,
1232 2023 1336 2101 mini·

124 2155 247 2232 meque
270 2155 404 2222 ramos,
429 2153 474 2205 ne
497 2127 703 2204 uefrusturn
711 2055 798 2203 irate
825 2130 926 2202 arbor
950 2127 1130 2223 producit,
1164 2125 1225 2202 uisr
1240 2124 1354 2223 prius‘
1402 2205 1407 2218 .

122 2231 231 2305 multis
252 2229 455 2307 verberibus
471 2157 557 2324 iiepe
575 2229 763 2316 laceretur,
787 2225 834 2300 fic
841 2258 852 2308 ‚·v
862 2245 901 2301 ut
927 2225 1077 2300 caudicis
1099 2250 1234 2324 quoque
1257 2247 1335 2297 cor-

123 2344 178 2402 ten
193 2332 413 2420 vulneretur,
439 2325 621 2424 exquibus
642 2325 836 2399 vulneribus
855 2327 909 2398 lac
930 2323 1096 2400 continuo
1124 2327 1218 2414 exit,
1243 2323 1335 2397 undd
1362 2335 1364 2342 ’

124 2444 232 2502 ramus
263 2451 416 2525 parvus,
449 2427 535 2500 licus
557 2423 671 2498 ferens
688 2423 828 2497 interim
858 2442 996 2513 ternos,
1029 2422 1168 2497 interim
1191 2422 1336 2519 quinos,

126 2520 262 2600 interim
280 2527 461 2620 septenos,
486 2521 527 2596 ἃ·
541 2523 654 2618 plures
670 2521 787 2596 etiam,
812 2563 815 2570 ·
838 2519 944 2594 Hac·
958 2523 1059 2594 arbor
1080 2540 1128 2595 ex
1149 2518 1335 2616 seminibus

127 2639 192 2696 non
210 2621 382 2713 nascitur,
406 2643 486 2696 cum
502 2621 588 2694 ficus
605 2618 789 2696 seminrbus
813 2637 973 2709 careant,
997 2616 1057 2692 sed
1074 2618 1178 2693 ramis
1204 2617 1336 2692 insertis

129 2740 352 2891 propagatur,
376 2717 494 2890 ellique
516 2742 561 2792 ex
588 2717 649 2830 iis,
688 2741 760 2815 quae
791 2716 1048 2892 citocresscunt
1069 2716 1337 2891 diutissimeffire,

128 2815 1273 3026 utentur?,tur{tvrttttttuututur,‚
1286 2836 1338 2988 u

129 3033 246 3088 ornnes
261 3037 327 3110 pro
343 3031 440 3086 certo
460 3011 612 3086 habeant
635 3021 682 3085 ιιι
699 3011 789 3086 rliut·
815 3029 927 3087 truncr
951 3013 1102 3088 cavitate
1129 3013 1277 3111 quadam
1297 3037 1338 3086 o-
1422 3049 1426 3060 ·

131 3107 185 3182 lint
201 3111 385 3230 Virginem
405 3109 649 3198 beatissimam,
670 3109 755 3182 iram
772 3109 924 3185 Herodis
939 3109 1184 3210 Hierosolyma
1205 3112 1341 3210 fugien-

131 3223 216 3300 tem,
239 3209 317 3284 illuc
342 3207 377 3282 se
404 3205 599 3303 recepisse,
630 3203 869 3283 &Christum
898 3211 1076 3304 puerulum
1113 3213 1338 3285 servatorem

130 3303 273 3382 rostnun
291 3329 356 3404 per
371 3308 498 3382 multos
513 3305 589 3380 dies
603 3305 801 3381 occultasse:
814 3331 859 3383 ex
878 3330 946 3405 quo
960 3329 1004 3381 ea
1021 3312 1127 3386 ¹arbor
1149 3308 1336 3406 'apudmul

132 3419 180 3478 tos
201 3407 237 3480 in
254 3407 361 3480 multa
374 3403 426 3480 est
443 3404 689 3496 veneratione,
715 3405 932 3503 maximeque
954 3409 1028 3506 ejus
1047 3407 1158 3483 trunci
1181 3427 1337 3500 meatur,

133 3503 185 3672 {ni
206 3503 381 3584 Christum
402 3502 610 3593 occultavit,
626 3505 737 3602 ‘qoem
756 3503 816 3600 ipsr
831 3501 903 3578 Dei
920 3507 1038 3604 magni
1055 3507 1219 3604 Spiritum
1239 3503 1337 3580 suisle

166 3619 288 3680 tentru.
337 3600 541 3679 Fabulosum
557 3599 608 3676 est
626 3603 718 3700 quod
741 3601 825 3676 dicit
854 3603 1094 3697 Matthaeolus,
1126 3617 1267 3681 mancos
1283 3629 1337 3679 ra-

135 3717 269 3812 mosque
288 3701 429 3802 hujusce
445 3699 573 3776 arboris
589 3715 762 3813 nonquam
785 3700 921 3792 srccari,
946 3702 1085 3800 niprius
1100 3704 1138 3778 in
1156 3728 1243 3802 aqua
1257 3721 1338 3800 prou
1482 3698 1485 3708 '

132 3815 303 3892 parantur,
328 3800 368 3877 dt
383 3819 561 3875 morentm
574 3799 822 3896 aliquantulum.
873 3800 966 3876 Usus
983 3803 1112 3876 ficuum
1132 3803 1267 3877 in'cibo
1285 3800 1337 3878 est
1392 3809 1395 3816 “

136 3889 306 3974 isomacho
326 3923 475 3988 nocuus,
499 3897 675 3996 ipsumque
691 3901 802 3991 laxat,
825 3898 1009 3974 labefactat
1032 3919 1133 4000 atque
1158 3899 1335 3977 subvertit.

137 3991 201 4074 Etr
215 4003 300 4078 vero
317 4001 408 4079 ficua
421 3996 548 4075 utiliter
579 3997 791 4094 comedunt,
822 3998 889 4177 quii
909 4000 966 4198 {el
990 3997 1133 4094 itinere,
1166 3999 1236 4072 uel
1256 3999 1371 4171 siit.
