3582 4584
518 319 775 440 opobalsami
798 320 1024 418 Vinditr‘ae.
1293 357 1372 442 279

168 519 287 610 liant,
317 517 513 618 cephalicos
533 522 588 595 ob⁴
600 522 669 597 hoc
689 522 796 618 ipsum
815 523 1031 620 appellatos,
1061 511 1225 600 liradente
1245 517 1377 620 pariter·

168 623 240 698 hoc
255 616 414 695 auxilium
436 618 603 706 medendi
629 639 841 716 preceptore
865 621 1016 697 Galerio.
1064 621 1203 696 Inutiles
1255 622 1371 697 uidem

162 738 233 792 ¹eos
248 716 381 816 judicat
399 715 455 791 vir
473 716 665 790 elariffimus
687 716 886 790 Ludovicus
904 717 1098 814 Septalius,
1132 717 1156 792 sr
1180 742 1224 792 ex
1281 719 1373 817 agari

164 814 341 894 ‚sententia
356 817 433 888 rard
447 815 588 906 vulnera
612 816 835 908 detegantur,
862 816 952 886 calor
975 815 1126 914 partium
1140 816 1298 890 naturalis
1318 817 1373 890 fo·

171 935 316 1002 ceatur,
340 911 531 1008 decensque
550 912 626 1005 puri
647 910 793 984 colledlo
811 909 921 982 exitus
939 933 1085 1006 paretur.
1104 913 1270 988 Attamen
1281 912 1373 986 haud

166 1001 449 1106 rardeontingi't,
474 1031 511 1082 ut
532 1007 667 1106 insignis
687 1008 834 1104 partium
851 1005 1071 1082 sauciatorum
1082 1009 1255 1100 debilitas,
1267 1009 1373 1084 adeo·

168 1131 237 1205 que
254 1108 438 1202 parnenrae
455 1105 562 1180 sordis
579 1106 699 1204 ingens
723 1121 911 1202 proventus
933 1159 943 1194 ,
978 1105 1021 1179 δι
1041 1108 1087 1180 ob
1103 1107 1203 1196 situm
1225 1107 1382 1184 vulneris·

19 1231 23 1240 ·
169 1204 397 1286 decliviorem
425 1202 887 1292 effluxusexcrementorum
911 1199 1089 1292 difficilia,
1118 1205 1228 1300 majus
1251 1209 1293 1280 ab
1310 1225 1372 1279 ex'·

166 1302 375 1378 siccantibus
385 1300 765 1397 pulveribuspropofitis
783 1298 973 1396 prasidirnn
987 1297 1175 1398 efflagitet3
1198 1303 1374 1400 efficacior

169 1420 307 1486 tamen,
320 1395 357 1472 dr
368 1397 561 1470 euidentior
570 1399 676 1486 etiam
683 1400 803 1472 ollibus
813 1395 892 1469 laesis
902 1395 1123 1491 Opobalsaml
1131 1397 1303 1493 prolellus
1313 1397 1385 1475 est«

172 1495 264 1579 Utor
276 1495 431 1583 eo,dum
451 1493 524 1570 hae‘e
534 1493 663 1584 stribo,
688 1491 723 1568 in
743 1493 936 1588 pue10,·cui
952 1515 1146 1588 temporum
1169 1497 1385 1572 oadextrum

88 1679 94 1691 ι
169 1617 217 1666 ex
230 1593 336 1686 lapsu,
362 1590 488 1685 duplici
501 1590 612 1664 fillura
627 1591 777 1689 graviter
799 1589 909 1664 lasum
928 1610 1022 1680 erat,
1045 1589 1233 1663 felicissimo
1245 1593 1386 1668 foeces·r

172 1689 220 1763 su·
269 1681 360 1762 Nam
384 1669 563 1784 postquam
583 1691 737 1786 exiguo,
771 1685 969 1784 stellatoque
991 1673 1155 1768 terebella
1172 1687 1240 1760 olle
1258 1692 1383 1786 perso-2
1521 1753 1527 1760 ,

172 1805 270 1874 rato,
294 1786 387 1859 viam
411 1783 612 1881 aperuillem
630 1784 784 1860 coe'rcito
806 1783 920 1874 subtus
941 1783 1043 1880 puri,
1063 1783 1215 1881 ,liquerit
1235 1787 1375 1864 Arabici
1501 1801 1503 1810 “
1564 1800 1566 1808 ’

174 1881 300 1980 tepidis
325 1885 455 1980 aliquot
468 1883 596 1980 guttis,
619 1883 692 1979 pini
708 1885 861 1980 lacryma
879 1881 1010 1973 dilutis,
1029 1879 1073 1982 de
1088 1881 1221 1956 uulneri
1241 1884 1378 1978 inditis,

169 1983 319 2076 ¹partium
342 1981 557 2070 contusarum
574 1979 848 2076 separationem,
870 1979 1046 2078 carnisque
1067 1982 1387 2078 regenerationem,

170 2077 262 2152 facili
279 2101 385 2173 opera
401 2097 520 2150 natura
540 2078 724 2152 consecuta
737 2077 813 2153 fuit.
864 2077 1007 2174 Subjicit
1029 2077 1081 2151 his
1099 2079 1257 2154 omnibus
1274 2080 1377 2154 Dios·

171 2173 327 2265 eorides,
352 2172 576 2269 spillamentis
600 2192 851 2271 unguentorum
880 2173 1160 2269 Xylobalsarnum
1187 2175 1256 2250 effe
1281 2177 1387 2252 adli·-

173 2271 305 2362 bitum,
330 2293 443 2368 neque
467 2271 502 2344 id
517 2268 602 2346 sane
616 2268 919 2344 inconvenienter.
969 2269 1060 2346 Cum
1085 2291 1199 2346 terrea
1224 2274 1388 2374 siccaque

170 2367 220 2446 sui
241 2367 401 2466 portione
416 2367 537 2442 bibere
553 2366 731 2464 liquidiora
748 2365 917 2463 potuerit,
941 2365 1102 2464 limulque
1127 2368 1270 2445 densare
1293 2426 1305 2463 ,
1336 2371 1378 2448 δι

170 2465 265 2543 suavi
288 2466 394 2542 etiam
418 2465 522 2542 halitu
545 2463 689 2565 gratiam
713 2483 963 2564 rmguentorum
988 2465 1044 2541 vel
1060 2464 1183 2542 fovere
1194 2523 1208 2562 ,
1241 2470 1298 2548 vel
1316 2491 1378 2544 au·

194 2591 275 2642 ere.
832 2576 841 2597 ⁸
1140 2577 1141 2582 ’

170 2591 194 2666 g
222 2663 290 2742 Hae
307 2683 380 2738 tam
398 2657 626 2761 prestantium
642 2663 842 2742 facultatum
857 2657 976 2757 dotes,
1002 2681 1080 2740 cum
1097 2655 1132 2742 ἰὴ
1150 2661 1292 2744 Arabici
1307 2667 1382 2743 bal⁴

172 2757 256 2834 sami
275 2759 424 2856 liquore,
448 2784 518 2835 non
537 2781 608 2836 tam
625 2766 730 2856 meis,
755 2785 857 2862 quam
876 2764 1389 2862 Aegyptiorummrabumque·

175 2857 304 2960 crebris
325 2858 481 2954 pariter,
506 2881 548 2932 ac
570 2862 673 2936 certis
689 2861 935 2958 experimentis
966 2861 1140 2948 clariffimd
1161 2863 1378 2960 refulgeant:

174 2976 254 3026 cum
278 2975 376 3028 notas
393 2955 498 3030 etiam
519 2977 590 3030 tarn
610 2959 799 3050 bonitatis,
838 2983 938 3059 quam
963 2958 1163 3048 finceritatis
1176 2959 1317 3045 easdem
1333 2959 1380 3033 ad

173 3053 324 3126 amuffim
341 3054 522 3149 exhibeat3
546 3057 698 3151 plantam
716 3058 865 3156 denique
880 3055 1105 3156 genitricem,
1138 3075 1296 3146 natura,
1327 3075 1380 3134 at-

172 3174 239 3324 pue
262 3149 380 3224 habitu
395 3153 542 3226 eandem
552 3151 686 3230 sortitus
696 3153 934 3252 fuerit,quam
948 3153 1139 3230 nobififfimi
1156 3153 1309 3228 auctores
1317 3155 1390 3238 de·-

188 3247 407 3347 cripserunt,
441 3248 585 3348 quisquis
611 3250 704 3326 illum
735 3253 921 3351 genuiruun
943 3272 1104 3326 ueterum
1123 3251 1382 3346 opobalsamum

171 3345 346 3442 hauddum
362 3347 531 3447 agnoscit,
556 3372 636 3423 eum
652 3350 765 3446 palam
781 3349 858 3441 est,
891 3369 951 3424 aut
972 3347 1127 3435 sensuum
1155 3368 1213 3422 aot
1238 3347 1391 3426 rationio

177 3443 407 3538 impotentem
427 3445 506 3520 effe.
555 3446 755 3540 Judicamnt
777 3449 903 3538 idem,
937 3461 1062 3542 prater
1090 3447 1251 3543 allegator
1269 3445 1380 3524 initio.

174 3541 202 3638 l.
223 3543 264 3618 C.
288 3541 456 3640 Scaliger,
482 3541 525 3616 E.
535 3543 766 3640 Casalpinns,
791 3545 841 3620 G.
857 3541 1043 3640 Fallopiua.
1076 3546 1103 3622 l.
1127 3541 1306 3636 Collatus,
1338 3543 1392 3620 C..

173 3637 327 3729 Clufius,
361 3641 412 3718 Μ.
433 3639 622 3731 Lobelius,
654 3639 693 3718 P.
712 3640 952 3736 Mattheolur,
982 3638 1050 3717 viri
1067 3637 1393 3727 materiamedicoe

176 3735 374 3830 cognitione
391 3737 461 3811 hoc
479 3735 756 3836 aroprincipes..

157 3855 162 3866 ’
222 3833 393 3910 Caeterdm
404 3893 414 3927 ,
425 3855 464 3928 ut
481 3835 563 3912 olim
581 3835 754 3924 antidotor
769 3833 981 3917 celebriores
992 3833 1297 3934 componentium,
1309 3855 1393 3911 non·

173 3931 251 4008 1⁸16
265 3951 406 4028 propter
420 3936 633 4034 paucitatem
647 3933 768 4016 deerat
781 3935 857 4048 hec
872 3938 1055 4036 gracillima
1067 3932 1266 4046 {empne
1275 3934 1395 4101 eripui>

615 4079 621 4092 .
1340 4052 1389 4100 ov
