3518 4596
457 351 533 446 17⁶
582 403 587 416 .
660 343 739 439 J0.
786 340 1517 430 unstrunrr0m.·1u.t1r

453 529 578 612 'dinam
594 529 824 606 transmittunt
840 582 852 620 ,
888 549 1033 627 cumque
1049 551 1112 625 per
1129 533 1252 606 urbem
1272 528 1425 630 Cayrum
1440 531 1578 629 publico
1591 534 1663 631 spe·

457 633 594 710 &uculo
616 631 795 717 defertur,
830 625 978 726 AEgypti
995 651 1119 723 proteu
1133 628 1172 704 dt
1187 653 1375 726 proceres,
1399 648 1473 704 turn
1494 634 1663 730 myriades

456 735 586 832 aliquot
601 728 737 829 populi,
761 745 860 799 extra
874 744 991 822 portat
1010 727 1245 804 venerabundi
1259 729 1515 824 prosequuntur.
1555 731 1662 807 Extra

456 831 533 906 haec
545 827 685 924 sepulcri
700 822 862 920 consepta
877 823 1021 898 Fatimae
1031 880 1042 914 ‚
1051 825 1363 917 Mahometiufiliae,
1379 847 1662 920 monumentum,

458 930 696 1019 sacrorumque
715 923 876 996 librorum
893 922 1018 1034 aliquot
1034 923 1142 998 theeae
1149 922 1308 998 visuntur.
1324 925 1393 999 Sed
1406 925 1481 998 haec
1491 935 1664 1026 παρέργως.

457 1025 517 1100 Ad
539 1022 672 1095 Arabes
688 1019 811 1108 venio,
837 1020 1018 1116 dequibus
1038 1020 1095 1095 bic
1112 1019 1256 1116 Prosper
1269 1022 1427 1118 Alpinus,
1452 1021 1598 1121 suntque
1614 1025 1663 1100 in·

371 1178 379 1192 ,
457 1117 570 1292 qentis
588 1118 672 1192 illius
695 1118 819 1192 deserti
837 1117 982 1208 incolae,
1007 1121 1089 1195 vere
1115 1118 1310 1194 ferociffimi
1330 1139 1435 1218 atque
1458 1121 1663 1198 audaciffimi

484 1215 637 1306 omines,
662 1217 750 1292 adeb
774 1216 817 1289 ad
834 1215 988 1290 facinora
1004 1217 1121 1292 omnia
1143 1237 1303 1314 prompta
1324 1241 1464 1308 manus,
1492 1219 1665 1319 animique

457 1319 561 1392 robus
572 1315 662 1390 inter
677 1314 849 1390 seviffima
862 1333 1035 1388 tormenta
1048 1312 1231 1404 invitum,
1255 1313 1326 1389 five
1346 1315 1488 1412 Mariyae
1503 1313 1665 1394 instarui.

256 1357 263 1376 =
319 1415 322 1420 ’
457 1416 512 1488 vis
534 1412 730 1487 detrahatur
743 1413 857 1510 pellis,
882 1411 953 1486 five
974 1411 1101 1485 adattis
1115 1435 1178 1508 per
1190 1412 1305 1486 vitalia
1320 1411 1473 1504 sudibus,
1498 1415 1663 1492 lentafoe·

455 1513 570 1610 daque
585 1529 698 1586 morte
713 1509 945 1610 uonficiantur.
997 1508 1086 1606 Equi
1111 1508 1259 1606 ipsorum
1281 1509 1482 1586 habitudine
1511 1513 1661 1608 pulchri,

455 1608 571 1724 cursus
590 1609 780 1721 velocitate
797 1610 854 1682 vel
872 1606 1008 1720 (hilaro
1032 1629 1132 1720 pares
1147 1662 1167 1719 ,⁹
1185 1605 1301 1711 inedia
1318 1605 1462 1699 ornus,
1484 1632 1568 1722 cum
1595 1613 1664 1724 ple3

455 1705 1534 1914 tuti,tulttlhlttt,initiaret-”tlh
1559 1710 1663 1882 llll:

455 1905 611 2006 alligatos
623 1926 745 2002 equos,
771 1923 876 1976 uuam
897 1901 1086 1976 alteramve
1104 1923 1197 1998 aquae
1217 1921 1355 1980 unctam
1379 1901 1422 1976 ad
1435 1901 1662 1978 refebliouem

454 2002 540 2077 satis
555 1998 718 2076 habuille.
767 1997 911 2096 Equites
923 1995 991 2093 ipsu
1009 1997 1093 2072 toris
1110 1998 1315 2072 latertoaum
1339 1999 1663 2096 valentet,fimplici

325 2187 330 2194 Ι
456 2099 594 2192 tunica,
617 2097 656 2174 dt
675 2094 807 2194 rejetio
819 2095 912 2168 circa
930 2094 1091 2170 umeros
1106 2095 1305 2174 tsotocibm
1321 2095 1384 2172 filiu
1395 2095 1662 2193 pannoamitti,

455 2197 585 2308 sagittis
601 2193 768 2305 hastisque
784 2191 1015 2268 formidabiles
1040 2193 1125 2269 sunt.
1175 2193 1335 2287 Quaeris,
1358 2217 1426 2292 quo
1446 2193 1570 2270 fomite
1588 2219 1661 2268 ma·

503 2317 515 2368 1
533 2295 623 2368 adeb
644 2290 773 2388 spirutu
789 2291 1047 2366 incrementum
1058 2290 1212 2366 sumant?
1235 2289 1448 2367 Semicouus
1463 2293 1524 2367 sub
1535 2291 1667 2383 menis,

511 2389 662 2465 sordidus
680 2389 798 2484 pauit,
822 2389 875 2463 lac
889 2387 1054 2483 prelium,
1080 2387 1225 2486 anguriae
1248 2387 1470 2485 srmiliumque
1492 2387 1664 2464 frutiuum

457 2489 585 2580 arrosus
608 2505 752 2577 cortex,
777 2489 938 2560 consueta
954 2486 1063 2584 magia
1080 2485 1247 2562 stomachi
1267 2483 1467 2562 fulcimenta
1484 2485 1569 2564 sunt
1594 2487 1662 2562 Po-

457 2601 540 2665 tum
555 2583 649 2662 Nilus
671 2584 841 2675 exhibet,
863 2583 946 2658 limo
967 2583 1232 2673 turbitstffimus,
1256 2601 1314 2655 aut
1335 2583 1355 2659 ἐ
1378 2579 1530 2661 cisternis
1557 2583 1662 2659 fond

457 2685 566 2760 butue
582 2682 691 2780 petita
707 2679 849 2781 purior,
873 2681 912 2758 dr
932 2684 1042 2759 carior
1067 2704 1166 2782 aqua..
1213 2677 1397 2754 Exclamet
1415 2703 1495 2755 cum
1516 2683 1663 2758 Zenone

457 2777 642 2869 Romano,
664 2781 692 2856 fi
717 2779 791 2854 haec
811 2777 954 2870 videas,
993 2777 1207 2872 Quantulum
1224 2773 1299 2866 eil,
1322 2778 1564 2874 quoeunque
1584 2779 1662 2855 satit

457 2877 527 2952 est!
553 2877 673 2970 Quam
691 2899 762 2954 non
776 2877 882 2966 multa
898 2876 1026 2972 poscit,
1051 2901 1124 2974 quae
1147 2893 1219 2946 tam
1239 2897 1347 2968 paruo
1366 2874 1565 2952 dimittitur!
1592 2879 1661 2955 Eu·

455 2975 576 3072 topaeis
596 2972 725 3060 nobis,
756 2973 848 3050 haud
872 2974 1003 3052 ventris
1024 2971 1129 3051 nostri
1145 2969 1255 3048 fames
1279 2993 1405 3072 magno
1424 2972 1579 3074 constat,
1605 2976 1663 3052 sed

457 3072 687 3168 consuetudo,
716 3071 776 3146 sed
791 3071 948 3149 ambitio.

505 3169 604 3248 serif,
615 3169 827 3272 princepum
845 3168 1084 3268 expeditione,
1109 3191 1210 3270 quam
1233 3170 1269 3247 in
1287 3169 1400 3268 Jamin
1417 3189 1498 3245 ante
1522 3169 1658 3270 septen·

454 3271 551 3350 nium
563 3269 688 3343 Turcae
704 3263 956 3360 moliebantur,
976 3267 1047 3344 astu
1063 3267 1298 3365 blanditiisque
1315 3268 1591 3361 circumventus,
1615 3272 1657 3345 ab

322 3445 325 3452 ,
455 3366 626 3443 exercitus
643 3368 732 3442 duce
750 3365 1014 3472 strangulabatur
1022 3365 1133 3465 ,quod
1148 3389 1228 3440 cum
1245 3365 1423 3440 rebellibus
1432 3368 1568 3466 populis
1585 3367 1657 3442 sen·

453 3455 527 3542 'fine
545 3463 748 3542 traderetur.
795 3465 850 3540 Ea
869 3487 925 3540 res
943 3465 1096 3541 Arabum
1117 3463 1153 3538 in
1173 3463 1305 3538 'l'urcas
1330 3463 1447 3538 odium
1467 3463 1660 3540 vehemen-

453 3562 520 3636 tius
538 3563 752 3674 concitabat,
775 3558 969 3663 fastumque
985 3563 1167 3674 deinceps,
1190 3579 1312 3636 utnon
1327 3559 1473 3659 sagittis,
1499 3561 1561 3673 sed
1577 3563 1660 3670 scio·

446 3678 616 3829 ¹qetorum
638 3679 814 3756 mopmato
840 3661 981 3738 fulmine
1004 3659 1123 3761 reJebir
1144 3683 1165 3734 a
1195 3660 1365 3740 momium
1390 3659 1488 3734 arhtu
1508 3662 1663 3751 milites,

313 3785 319 3794 ¹
478 3774 643 3833 terentem
658 3756 1078 3866 circalittusqllrytbraeum
1095 3756 1361 3850 Ducemsuum,
1380 3776 1581 3834 commeatu
1597 3759 1658 3834 de·

450 3853 616 3944 faciente,
640 3852 819 3952 ingloriosa
836 3879 940 3932 manu
958 3860 1212 3934 obtruncarent.

454 4027 459 4034 -
502 3949 643 4054 Equum
658 3951 830 4056 duqu'eem
850 3975 1064 4062 agnoverint
1086 3975 1256 4065 ueteres,
1278 3951 1504 4056 mulinum,
1528 3951 1665 4124 &qq
