3566 4596
167 308 190 316 ··
262 273 432 376 arose.
482 267 640 358 savrra
690 267 781 354 nn·
809 267 989 354 vomu.
1035 269 1262 353 mamm·
1310 285 1390 374 er,

308 461 411 536 Flore
419 455 588 553 sacerdvs,
613 443 1015 554 candidates'h'erb'cttm,

309 555 522 660 ‚Questuque
540 551 673 631 Phchet
686 553 832 648 sernas,
857 569 916 628 aut
928 557 991 630 alit
1006 559 1100 631 tessus

306 661 386 742 Nm
402 656 504 749 nostra
527 653 682 741 samson,
700 653 757 735 sed
768 669 914 746 remma,
929 655 992 748 fed
1006 664 1141 744 cunda,

307 757 422 857 Qum
441 755 567 835 Purus
581 754 705 841 ambit,
728 768 786 828 aut
804 753 1125 848 Olympus-naonis.

161 974 201 1033 ιε
218 952 300 1028 vers
323 973 402 1040 esaon
426 947 616 1026 dudiiffimo
643 945 830 1027 Poetarum
853 943 1008 1024 scribam.
1059 947 1167 1040 Hanc
1191 950 1378 1030 Smilacem'

152 1075 233 1128 »non
253 1050 348 1126 caule
365 1048 515 1137 tantum,
540 1045 599 1120 sed
614 1046 774 1124 foliorum
788 1043 893 1122 etiam
914 1045 982 1120 oris
996 1047 1208 1146 extensoque
1230 1073 1377 1150 perme.
1451 1050 1455 1054 ’

162 1153 259 1231 dium
283 1148 512 1224 eminentiore
539 1169 648 1222 nervo
669 1145 859 1220 aculeatam
889 1146 1010 1219 cernis.
1060 1145 1218 1224 Viticulae
1244 1152 1379 1248 expela-

161 1275 238 1342 mm
271 1248 342 1327 srnu
371 1251 483 1343 muros
528 1265 729 1342 proseptum
748 1299 767 1334 ,.
782 1243 887 1318 florea
913 1243 1052 1318 candidi
1067 1247 1268 1326 racematim
1288 1271 1377 1346 pen.

161 1349 258 1440 duli,
293 1347 400 1426 odore
444 1344 587 1425 suaves:
620 1342 747 1426 ssvsitts
781 1342 869 1418 item
911 1360 1013 1418 aetate
1046 1343 1211 1439 provecta
1236 1351 1375 1442 rutilus,

161 1447 292 1544 exiguis
312 1445 387 1518 uvis
402 1443 581 1518 Labruscae
600 1445 736 1518 aemulus
757 1440 978 1538 conspicitur..
1023 1442 1213 1534 Catertim,
1234 1466 1273 1520 ut
1288 1447 1379 1524 vso

159 1544 237 1640 sper
253 1545 394 1640 Alpinus
416 1541 503 1618 serio
521 1541 724 1632 contendit,
744 1539 887 1613 hancex
904 1540 1088 1636 Zacyntho
1104 1543 1289 1618 Smilacem
1303 1545 1374 1621 esse

159 1667 279 1717 veram
299 1641 530 1739 Hispanorum
542 1640 669 1722 salsam
686 1637 938 1736 pacilianmmn
956 1639 1070 1714 souma
1086 1640 1239 1714 radicum
1252 1647 1375 1740 ,quam

159 1741 289 1817 viribus
307 1740 494 1835 adducius3
518 1741 569 1813 ita
591 1742 680 1814 inter
702 1738 811 1829 hanc,
834 1735 872 1811 δι’
893 1733 1048 1814 indicam
1072 1739 1144 1813 frte
1162 1737 1373 1835 Peruanam‚

160 1859 234 1913 tum
252 1839 451 1932 facultatum
473 1839 611 1940 vigore,
637 1859 708 1912 tum
728 1857 878 1912 externae
896 1837 1011 1937 figurae
1030 1839 1247 1912 lineamentis
1257 1839 1374 1914 discri-

159 1962 243 2012 men
264 1939 400 2036 aliquod
423 1935 799 2029 intervenire,curiosrs
817 1960 931 2012 rerum
955 1957 1082 2015 naturae
1096 1936 1178 2010 viris
1197 1937 1372 2036 cognitum

160 2033 222 2112 est.
286 2038 370 2110 Vidi
400 2038 562 2134 Lugduni
585 2039 825 2124 Batavorum,
860 2034 919 2108 sub
948 2037 1136 2124 Clarissimo
1167 2035 1373 2112 Evcrhardo

158 2132 316 2223 Vorstio‚
340 2155 555 2232 praeceptore
573 2135 810 2224 meo,lndicoe
827 2131 925 2208 Saisae
942 2134 1063 2228 parisiac
1077 2133 1228 2228 plantam
1244 2157 1373 2228 natam,

159 2236 202 2307 ab
226 2253 368 2330 utraque
402 2234 518 2328 asperas
535 2231 724 2320 Smilace,
764 2227 922 2302 soliorum
955 2230 1125 2306 brevitate
1138 2289 1155 2322 ,.
1185 2233 1373 2327 densitate,

111 2349 115 2356 ’
159 2331 250 2422 srnu,
277 2331 399 2406 coloris
426 2329 657 2418 obscuritate,
696 2328 865 2428 spinarum
889 2328 1062 2418 absentia,
1087 2353 1156 2404 non
1182 2355 1302 2427 parum
1319 2333 1371 2407 di·

158 2430 385 2528 screpantem.
411 2429 556 2506 Notavit
576 2429 731 2503 radicum
750 2450 885 2528 quoquc
912 2427 1146 2504 diversitatem
1166 2429 1371 2506 dostissrmus

158 2531 348 2621 Lobelius,
383 2529 440 2628 qui
467 2531 510 2605 ab
536 2545 605 2602 utto
626 2528 748 2602 radicis
774 2547 896 2602 trunco
917 2529 1059 2626 amplo,
1090 2524 1272 2620 strumoso,
1298 2531 1370 2605 stne

157 2627 392 2725 geniculorum
410 2629 575 2724 deinceps
597 2626 815 2716 interventu,
841 2625 1032 2699 crebra-itta
1051 2626 1218 2724 valdeque
1239 2628 1370 2724 prolixa

157 2723 282 2798 radicis
296 2726 384 2815 lora,
410 2726 538 2800 cortice
553 2726 660 2823 pulla,
685 2725 838 2822 rugisque
856 2719 971 2798 striata
985 2724 1135 2798 deducit.
1186 2727 1378 2822 Tasispor-v

158 2821 296 2893 bibetur
339 2845 388 2896 uae
405 2846 452 2897 ex
467 2821 652 2898 Honduras
671 2821 852 2919 provincia
870 2822 1071 2914 advehitur,
1095 2823 1214 2897 natalis
1239 2823 1298 2898 soli
1314 2826 1373 2901 in-·

159 2918 263 3028 genio
280 2975 290 3008 ,
315 2849 490 3023 Europaeis
512 2922 739 3014 Smilacibus,
763 2923 799 2997 in
816 2921 1036 3022 profliganda.
1050 2923 1197 2998 Veneris
1216 2923 1289 3016 sue,
1314 2923 1372 2998 su-

153 3037 289 3114 psterior.⁴

653 3347 871 3459 Conclufios.

155 3693 245 3880 H
259 3716 308 3766 acc
326 3691 452 3783 habui,
477 3693 527 3766 mi
543 3689 693 3784 Lector,
713 3719 785 3792 quae
804 3695 850 3767 de
866 3689 993 3768 Plancis
1010 3687 1206 3788 AEgyptiis,
1232 3687 1371 3763 amico-

285 3815 361 3864 rum
378 3790 534 3884 hortatu,
559 3790 717 3889 Prosperi
737 3792 852 3889 Aspini
869 3789 956 3868 libro
972 3789 1183 3865 subtexendo
1195 3787 1361 3864 videban-

133 3890 230 3966 tur:
276 3885 393 3964 Rudia
413 3889 468 3966 illa
487 3891 642 3986 dixeris,
666 3891 704 3971 dt
724 3890 829 3972 soloci
848 3889 910 3994 (ut
935 3887 1166 3990 Symmachus
1187 3886 1361 4064 loqumgss
