3544 4592
329 401 380 489 rr
523 379 1326 492 ''raosrnr'tr'nnrr‘rtr'nrr'
1400 394 1408 410 ‘
1506 511 1509 518 ,

333 608 401 689 quo
416 581 486 660 solo
506 584 596 660 nulla
612 582 676 657 alia
696 582 812 679 planta
827 579 927 658 tivit.
976 579 1067 659 Hac
1085 586 1203 684 planta
1223 586 1293 666 hoe
1308 592 1463 672 mirabile
1482 595 1563 676 ira-⁵

331 688 414 774 bet,
439 685 530 781 quod
548 683 620 782 ejus
639 681 721 755 folia
741 683 858 756 Solem
874 679 1010 779 semper
1025 681 1228 782 sequuntur,
1244 689 1399 791 Solisque
1428 695 1544 795 sequia

305 869 308 877 Α
331 783 506 857 dicuntur:
521 805 603 856 nam
625 779 700 878 ipso
711 780 897 854 occidente
915 781 1034 855 omnia
1054 783 1089 857 in
1110 783 1145 858 se
1168 786 1385 882 clauduntur,
1400 794 1545 871 eodem.

331 906 398 980 qne
418 881 553 955 oriente
561 881 576 970 ,“
597 876 813 975 aperiuntur,
838 899 940 978 atque
955 878 1029 954 haec
1043 881 1154 956 motio
1173 903 1304 960 tantam
1321 888 1396 964 vim
1413 891 1553 970 habere·

331 981 367 1054 in
384 979 424 1052 iis
443 978 661 1068 observatur,
688 998 725 1051 ut
744 977 875 1075 siliquas
894 979 977 1051 dum
994 978 1134 1072 habent,
1148 984 1333 1060 occidente
1350 989 1430 1063 sole
1443 1046 1454 1081 ‚
1469 1013 1547 1066 eau-

332 1081 415 1152 dem
445 1076 533 1151 foliis
561 1073 596 1150 ir'r
619 1075 654 1150 se
684 1075 864 1150 numme
889 1078 1074 1169 claudant,
1099 1079 1138 1156 dc
1166 1083 1319 1178 retinere
1336 1084 1544 1183 spectentur

243 1203 247 1211 ·
330 1175 527 1276 eodemque
546 1174 707 1265 oriente,
732 1177 952 1272 aperiantur,
984 1175 1182 1276 ssliquasque
1198 1180 1400 1282 relinquant
1437 1185 1552 1262 Hauc

332 1275 493 1349 foliorum
510 1273 773 1348 converlionem
789 1273 937 1370 pluribus
953 1275 1132 1374 AEgyptiir
1149 1277 1220 1353 aliis
1241 1277 1365 1376 plantis
1386 1305 1550 1361 comuni«

253 1441 262 1466 ,
331 1397 415 1448 nem
439 1371 694 1463 animadverti,
731 1371 858 1468 quippe
872 1373 1032 1462 Acaciae,
1056 1375 1189 1466 Abrur,
1223 1378 1352 1471 Absus,
1387 1383 1545 1480 Sesban,

334 1493 437 1570 atque
460 1469 685 1546 Tamarindo.
715 1469 875 1545 Utuntur
889 1469 977 1544 foliis
995 1473 1199 1548 Tamarindi
1212 1473 1251 1548 in
1270 1475 1384 1573 pueris
1403 1481 1448 1556 ad
1464 1507 1549 1559 ver·-

330 1594 408 1645 mes
430 1571 625 1660 necandos,
651 1587 755 1665 atque
774 1569 881 1642 etiam
907 1567 1057 1665 ipsorum
1083 1574 1141 1646 vel
1161 1571 1292 1668 infuso,
1316 1577 1374 1652 vel
1395 1577 1550 1656 decotro

232 1745 234 1750 ,
332 1671 378 1744 ad
394 1667 595 1744 solvendum
611 1669 737 1743 alvum:
756 1666 856 1741 acida
872 1665 947 1740 sunt
956 1666 1038 1741 folia
1057 1688 1159 1766 atque
1173 1670 1283 1769 gustui
1296 1697 1369 1750 non
1380 1675 1551 1755 insuavius

332 1769 469 1843 Arabes
486 1767 652 1843 condiunt
673 1765 803 1864 filiquas
820 1763 879 1839 seu
894 1789 1020 1840 cannas
1038 1765 1135 1865 hujus
1152 1772 1281 1844 arborib
1296 1794 1419 1869 parvas
1438 1777 1548 1851 aevia

331 1865 426 1942 rides
450 1864 637 1957 sacebaro,
661 1864 718 1938 vel
741 1867 810 1937 mel
829 1865 963 1954 Carub,
987 1883 1062 1937 tum
1085 1865 1192 1940 etiarn
1216 1871 1416 1965 grandiores
1436 1871 1554 1950 num

332 1985 437 2064 atque
453 1985 621 2055 maturas,
647 1961 813 2036 condiunt
830 1959 976 2057 ipsarum
995 1965 1134 2059 pulpam
1151 1965 1336 2059 saccharo,
1360 1988 1463 2067 quam
1481 1995 1547 2068 per

331 2062 576 2236 unta
590 2057 1041 2252 castratura

575 2215 584 2234 ⁶
839 2210 850 2246 9
1042 2212 1053 2247 9

331 2257 538 2336 inflammati
558 2256 665 2332 ualde
696 2254 849 2330 litienter'
879 2253 1150 2352 refrigerantur,
1182 2277 1284 2353 atque
1310 2262 1400 2332 snim
1424 2192 1549 2339 felgus.

331 2377 459 2459 guunt,
482 2378 547 2454 per
569 2355 684 2430 alvum
702 2352 885 2452 plurimum
906 2353 1094 2426 calidorum
1112 2351 1295 2426 humorum
1317 2353 1549 2438 subducentes

332 2477 434 2557 atque
451 2474 650 2530 vacuantes.
701 2453 742 2527 ln
759 2450 911 2527 febribus
932 2449 1020 2525 verb
1038 2445 1290 2545 pestilentibus,
1315 2472 1418 2550 atque
1433 2455 1549 2530 omni·

199 2541 216 2590 l
330 2559 395 2631 bus
414 2553 485 2628 aliis
507 2577 553 2626 ex
568 2549 733 2648 putridis,
757 2546 997 2637 eumenum,
1022 2569 1162 2644 aquam,
1185 2548 1301 2644 inqua
1321 2552 1428 2625 multa
1444 2555 1550 2649 copia

330 2650 627 2728 Tamarindorum
645 2646 755 2722 infusa
776 2647 880 2721 fuerit
898 2670 979 2720 curn
998 2643 1159 2719 saccharo
1179 2646 1338 2722 ebibunt:
1376 2665 1481 2744 potus
1504 2651 1547 2727 st·

357 2750 474 2824 uidem
491 2739 881 2830 litiemibusex'calore
894 2741 1149 2841 juoudiffimu
1163 2741 1233 2832 est,
1257 2745 1477 2844 maximeque
1492 2770 1548 2822 re·

331 2775 358 2926 ἓ
367 2848 375 2864 “
401 2864 496 2937 erat,
520 2842 560 2920 ἃ
589 2841 679 2921 sitim
698 2837 890 2940 exstinguit
940 2840 998 2915 Ad
1030 2861 1152 2915 ornnes
1184 2839 1332 2939 denique
1352 2842 1468 2918 lebret
1483 2870 1547 2942 pu·

332 2874 441 3024 affine
459 2947 480 3020 a
501 2941 649 3038 biliosis,
684 2935 877 3036 exustisque
899 2936 1097 3017 humoribus
1123 2939 1343 3030 concitatas,
1376 2943 1424 3018 ad
1443 2942 1552 3038 hepa-

333 3045 445 3146 tisque
462 3063 564 3142 atque
582 3065 706 3118 renrrnt
720 3037 961 3116 calefactiones
979 3061 1022 3113 ac
1040 3036 1347 3127 inflammationes,
1380 3061 1552 3134 praterea

337 3146 382 3219 ad
396 3141 635 3242 gononbaeam
654 3139 751 3218 ulum
766 3133 1059 3215 Tamarindorum
1080 3134 1456 3235 frequentaut3vocant
1472 3136 1546 3214 Do·

323 3243 465 3320 -relfide
718 3273 722 3280 ·
1132 3263 1137 3271 ·
1478 3277 1481 3286 =
1534 3255 1538 3260 ·

763 3307 1012 3454 cr'rfur.¹
1057 3333 1135 3412 xr.
1222 3377 1225 3386 ·

758 3483 760 3488 ’
794 3529 864 3617 οι
890 3526 1105 3648 Agabana

429 3748 535 3824 Rbor
552 3743 704 3820 cernitur
721 3744 757 3818 in
773 3742 893 3818 medio
910 3742 1088 3816 cu'urdam
1103 3737 1264 3816 Eunuchi
1277 3739 1407 3816 Turcae
1422 3738 1551 3816 uirida·

440 3847 511 3938 rio,
537 3845 629 3946 quod
649 3866 771 3941 parum
791 3845 835 3917 ab
857 3841 932 3917 aede
948 3768 1083 3922 ⁴lenuti
1106 3837 1258 3916 Consulis
1284 3835 1385 3912 distat
1416 3858 1461 3949 err
1479 3837 1548 3912 ὢ·

332 3945 469 4046 thiopia
482 3944 676 4042 asportata,
699 3941 936 4039 magnitudine
955 3939 1031 4036 pyri
1044 3933 1236 4035 sylvestris,
1258 3936 1361 4010 ramis
1376 3959 1459 4047 raris
1478 3957 1547 4009 non
1579 4005 1581 4012 .

339 4047 481 4138 multis,·
497 4039 694 4121 inirettum
719 4039 927 4140 inaequaliter
947 4037 1087 4133 delatis,
1116 4035 1300 4115 ordinatim
1331 4039 1403 4111 acu'
1474 4124 1531 4202 ul

320 4179 325 4201 ⁸
1408 4161 1411 4166 “
1437 4152 1474 4208 m
1507 4144 1554 4204 ua
