3518 4596
225 353 396 440 mosa.
446 351 603 439 annm
652 353 725 438 or
772 353 949 440 rtanr.
989 333 1206 442 *nomn
1275 345 1347 465 rap
1449 299 1454 310 ’

132 521 201 631 ξίν
217 548 243 648 ᾖ
259 552 449 658 adramiae,
474 542 512 620 ἃ
528 541 698 620 frueluum
709 543 919 636 bonitatem,
944 542 983 620 dc
998 545 1256 644 germinationis
1270 543 1347 624 affi-

133 644 298 740 duitatptn
316 644 482 741 aptrlbma
493 639 618 718 existit.
668 643 841 740 Equidem
859 667 960 742 quam
977 667 1013 718 rn
1031 645 1121 722 urbis
1137 645 1243 743 Cayri
1260 647 1347 724 vico

10 770 13 779 ’
132 743 303 833 Veneto,
343 741 534 820 Consularis
555 740 671 839 palatii
693 742 799 816 limen
829 742 1037 818 inumbrare
1053 743 1128 818 uidi
1163 743 1344 836 Nabcam‚

9 839 10 894 ἕ
131 860 252 918 trunco
271 860 344 916 tam
366 842 500 916 enormi
516 839 726 937 assurgebat,
749 860 787 914 ut
805 865 883 914 eam
903 841 1011 932 bomo
1027 840 1242 940 quantumvis
1260 866 1342 938 pro-

132 961 229 1014 cerus
243 940 404 1036 amplexu
423 940 563 1038 cingere
582 958 691 1012 totam
709 962 778 1012 non
802 937 1007 1029 sustineret,
1031 942 1121 1014 aedes
1138 939 1224 1036 ipsas
1241 941 1342 1017 tertia

130 1038 178 1114 sui
193 1057 294 1134 parte
312 1035 514 1135 superasset,
540 1037 564 1111 li
578 1037 614 1114 in
631 1035 762 1110 reolum
776 1061 921 1136 germen
937 1035 1103 1112 exivisset.
1148 1039 1343 1112 -Foliacom

130 1137 181 1212 dir
195 1135 341 1234 figuram
357 1137 572 1225 aemulantur,
597 1137 779 1232 inquorum
796 1137 935 1231 pediolo
947 1138 1046 1210 nerui
1061 1157 1131 1210 tres
1150 1136 1343 1210 crallruscu-

128 1234 203 1310 liin
221 1254 332 1308 totam
350 1233 599 1332 longitudinem
614 1234 842 1331 porriguntur.
893 1233 1030 1309 Horum
1054 1235 1109 1307 ille
1135 1235 1192 1330 qui
1206 1235 1346 1312 medius

8 1379 9 1396 2
127 1333 285 1429 utrinque
295 1332 499 1431 propagines
517 1331 669 1404 minores
687 1329 871 1422 submittit,
896 1332 1015 1429 reliqui
1033 1332 1102 1406 duo
1115 1352 1260 1406 externo
1276 1357 1345 1433 po-

128 1431 290 1506 tissrmum
310 1432 428 1504 latere.
485 1427 644 1502 Densrtas
668 1427 740 1502 solii
763 1429 823 1504 vix
849 1427 1001 1503 nostrate
1023 1454 1110 1527 pyro
1136 1429 1248 1506 minor
1276 1428 1343 1510 est.

8 1533 9 1616 j
127 1525 275 1602 Flosculi
284 1529 328 1602 ad
337 1527 497 1602 soliorum
513 1545 651 1602 exortus
672 1527 798 1622 copiosr
814 1526 983 1617 visuntur,
1000 1553 1044 1603 en
1063 1530 1174 1602 virore
1189 1529 1345 1626 quodam

128 1625 327 1700 albicantes.
376 1623 520 1699 Frutlus
542 1647 686 1721 pomum
715 1625 877 1724 exiguum
904 1643 978 1700 tota
1002 1626 1203 1701 habitudine
1236 1649 1348 1725 quam-

126 1721 335 1798 exatliffime
351 1721 476 1814 refert,
496 1725 694 1834 juraretque
709 1745 771 1820 per
788 1724 905 1810 oculos
918 1724 1191 1820 tuoernespilum
1208 1743 1245 1797 te
1255 1746 1343 1800 eon,
1447 1757 1450 1764 ν

125 1819 277 1918 spicere,
302 1819 501 1916 stvideres3
526 1819 586 1896 sed
600 1820 778 1916 mespilum
794 1821 969 1915 dtlalsta,
995 1821 1345 1899 velAroniamillum

125 1918 359 2010 Dioscoridis,
383 1918 453 1995 solo
470 1919 614 2008 nucleo,
638 1941 740 2018 quem
755 1920 877 1996 Nabca
896 1921 1069 2011 continet,
1093 1921 1257 2018 gemellos
1273 1919 1341 1998 hos

128 2015 395 2092 discriminante.
445 2015 630 2129 Elpinosa
658 2036 776 2128 tamen
797 2019 920 2095 Nabca
945 2043 1051 2133 poma
1078 2017 1151 2092 vidi
1178 2021 1344 2118 maiora,

127 2115 1346 2314 llllallllplllllssblniillllgllllllllzlln
1380 2177 1384 2206 ‘

126 2309 207 2385 saud
224 2311 546 2416 certumaffemnt,
571 2309 841 2384 emolumentum
861 2313 1015 2413 nullump
1049 2313 1221 2389 Caetertinr
1245 2315 1342 2388 Nab·
1425 2325 1428 2340 '

126 2605 235 2680 fidem
252 2604 484 2696 saciunt‚tam
499 2607 587 2679 mald
607 2605 775 2680 haerentes
789 2627 896 2696 notae,
918 2630 1021 2704 quum
1032 2605 1068 2680 in
1088 2533 1263 2682 (g'gnvivio
1281 2608 1341 2684 illo

128 2700 270 2798 sapienti
291 2705 521 2778 Democritus¹
537 2706 735 2781 Cannarum
763 2710 912 2802 altulum,
938 2705 1146 2778 arbusculum
1164 2707 1340 2806 nominet,
1418 2715 1422 2724 “

126 2811 171 2896 τᾷ
194 2813 296 2896 neap
311 2806 389 2897 tipo
405 2809 431 2905 g
450 2802 625 2897 «ξιφιρίς,
651 2804 745 2900 cnjus
764 2801 884 2876 solium
896 2803 1058 2877 tenellum
1078 2801 1117 2878 dt
1130 2804 1340 2896 rotundum,

123 2898 272 3010 denique
293 2900 546 2997 magnitudine,
572 2897 744 2990 carnibus,
771 2900 809 2975 δι
822 2901 957 2975 officulo
972 2901 1118 2974 nultum
1136 2902 1338 2998 oleaephau.

124 2995 175 3072 lrae
192 3019 384 3092 comparet.
426 2999 515 3073 Sane
553 3022 603 3072 uae
618 2997 708 3072 inter
723 2999 908 3098 AEgyptias
927 3003 1064 3074 arbores
1079 2999 1123 3071 de
1140 3002 1342 3098 Coccyme-.

124 3093 180 3208 lea
192 3094 324 3207 stripstt
339 3023 615 3192 Theophraaum
640 3096 679 3174 δι
693 3099 862 3209 praecipue
876 3097 967 3195 quod
984 3095 1133 3172 frustum
1151 3095 1239 3169 serat
1259 3121 1341 3170 ma·

121 3194 326 3292 gnrtudrne,
351 3194 390 3269 ἃ
404 3215 525 3270 natura
545 3192 691 3290 mespilis
708 3219 930 3292 promum,
955 3197 1017 3271 nist
1041 3197 1131 3293 qood
1149 3195 1340 3272 rotundum

118 3292 282 3366 obtineat
294 3292 474 3384 nucleum,
497 3315 568 3368 non
584 3293 705 3372 coatte
719 3293 788 3374 buc
799 3295 925 3376 deduci
934 3293 1082 3396 possunt.
1105 3291 1231 3376 Plinius
1243 3291 1341 3375 banc
1449 3313 1452 3322 ·

121 3385 278 3468 Pronum
293 3378 500 3492 AEgyptiam
516 3409 634 3476 uocat.
