<?xml version="1.0" encoding="UTF-8"?>
<!DOCTYPE html PUBLIC "-//W3C//DTD XHTML 1.0 Transitional//EN"
    "http://www.w3.org/TR/xhtml1/DTD/xhtml1-transitional.dtd">
<html xmlns="http://www.w3.org/1999/xhtml" xml:lang="en" lang="en">
 <head>
  <title>
</title>
<meta http-equiv="Content-Type" content="text/html;charset=utf-8" />
  <meta name='ocr-system' content='tesseract 3.04.00' />
  <meta name='ocr-capabilities' content='ocr_page ocr_carea ocr_par ocr_line ocrx_word'/>
</head>
<body>
  <div class='ocr_page' id='page_1' title='image "./prosperialpinim00veslgoog/prosperialpinim00veslgoog_0327.png"; bbox 0 0 3566 4596; ppageno 0'>
   <div class='ocr_carea' id='block_1_1' title="bbox 431 307 1542 421">
    <p class='ocr_par' dir='ltr' id='par_1_1' title="bbox 431 307 1542 421">
     <span class='ocr_line' id='line_1_1' title="bbox 431 307 1542 421; baseline 0.013 -30"><span class='ocrx_word' id='word_1_1' title='bbox 431 317 502 421; x_wconf 70' lang='lat' dir='ltr'>„r</span> <span class='ocrx_word' id='word_1_2' title='bbox 564 401 568 411; x_wconf 66' lang='grc'><strong>,</strong></span> <span class='ocrx_word' id='word_1_3' title='bbox 625 313 703 416; x_wconf 81' lang='lat'>10·</span> <span class='ocrx_word' id='word_1_4' title='bbox 754 307 1483 412; x_wconf 65' lang='lat' dir='ltr'>vnsn11uo1tonntrunra</span> <span class='ocrx_word' id='word_1_5' title='bbox 1531 333 1542 344; x_wconf 93' lang='lat'><strong>·</strong></span> 
     </span>
    </p>
   </div>
   <div class='ocr_carea' id='block_1_2' title="bbox 432 493 1632 698">
    <p class='ocr_par' dir='ltr' id='par_1_2' title="bbox 432 493 1632 698">
     <span class='ocr_line' id='line_1_2' title="bbox 432 493 1632 600; baseline 0.009 -28"><span class='ocrx_word' id='word_1_6' title='bbox 432 496 478 572; x_wconf 89' lang='lat' dir='ltr'>ris</span> <span class='ocrx_word' id='word_1_7' title='bbox 507 495 651 574; x_wconf 73' lang='lat' dir='ltr'>fortuna</span> <span class='ocrx_word' id='word_1_8' title='bbox 679 494 855 588; x_wconf 76' lang='lat' dir='ltr'>homines,</span> <span class='ocrx_word' id='word_1_9' title='bbox 880 493 939 574; x_wconf 92' lang='lat' dir='ltr'>sub</span> <span class='ocrx_word' id='word_1_10' title='bbox 966 495 1159 596; x_wconf 61' lang='lat' dir='ltr'>hyemem,</span> <span class='ocrx_word' id='word_1_11' title='bbox 1184 517 1339 577; x_wconf 79' lang='lat' dir='ltr'>aromata</span> <span class='ocrx_word' id='word_1_12' title='bbox 1363 495 1540 600; x_wconf 84' lang='lat' dir='ltr'>suaviora,</span> <span class='ocrx_word' id='word_1_13' title='bbox 1562 522 1632 582; x_wconf 72' lang='lat' dir='ltr'>am«</span> 
     </span>
     <span class='ocr_line' id='line_1_3' title="bbox 434 593 839 698; baseline -0.005 -26"><span class='ocrx_word' id='word_1_14' title='bbox 434 596 599 698; x_wconf 88' lang='lat' dir='ltr'>bramque</span> <span class='ocrx_word' id='word_1_15' title='bbox 622 593 839 696; x_wconf 82' lang='lat' dir='ltr'><strong>permiscent.</strong></span> 
     </span>
    </p>
   </div>
   <div class='ocr_carea' id='block_1_3' title="bbox 726 802 1307 1070">
    <p class='ocr_par' dir='ltr' id='par_1_3' title="bbox 726 802 1307 1070">
     <span class='ocr_line' id='line_1_4' title="bbox 817 802 1252 912; baseline 0.009 -32"><span class='ocrx_word' id='word_1_16' title='bbox 817 802 1252 912; x_wconf 61' lang='lat' dir='ltr'>cirraxxxv.</span> 
     </span>
     <span class='ocr_line' id='line_1_5' title="bbox 726 978 1307 1070; baseline 0.003 -3"><span class='ocrx_word' id='word_1_17' title='bbox 726 1033 730 1042; x_wconf 90' lang='lat'>·</span> <span class='ocrx_word' id='word_1_18' title='bbox 892 981 967 1070; x_wconf 81' lang='lat' dir='ltr'>De</span> <span class='ocrx_word' id='word_1_19' title='bbox 996 978 1209 1068; x_wconf 78' lang='lat' dir='ltr'>Stratiote.</span> <span class='ocrx_word' id='word_1_20' title='bbox 1303 1027 1307 1037; x_wconf 94' lang='lat'><em>·</em></span> 
     </span>
    </p>
   </div>
   <div class='ocr_carea' id='block_1_4' title="bbox 425 1197 1638 1691">
    <p class='ocr_par' dir='ltr' id='par_1_4' title="bbox 425 1197 1638 1447">
     <span class='ocr_line' id='line_1_6' title="bbox 485 1197 1638 1314; baseline 0.004 -37"><span class='ocrx_word' id='word_1_21' title='bbox 485 1225 540 1277; x_wconf 88' lang='lat' dir='ltr'>am</span> <span class='ocrx_word' id='word_1_22' title='bbox 560 1197 759 1277; x_wconf 85' lang='lat' dir='ltr'>sexennium</span> <span class='ocrx_word' id='word_1_23' title='bbox 783 1197 850 1292; x_wconf 87' lang='lat' dir='ltr'>est,</span> <span class='ocrx_word' id='word_1_24' title='bbox 875 1203 955 1278; x_wconf 82' lang='lat' dir='ltr'>crim</span> <span class='ocrx_word' id='word_1_25' title='bbox 972 1227 1018 1278; x_wconf 86' lang='lat' dir='ltr'>err</span> <span class='ocrx_word' id='word_1_26' title='bbox 1033 1201 1192 1314; x_wconf 84' lang='lat' dir='ltr'>AEgypto</span> <span class='ocrx_word' id='word_1_27' title='bbox 1210 1201 1246 1276; x_wconf 93' lang='lat' dir='ltr'>in</span> <span class='ocrx_word' id='word_1_28' title='bbox 1270 1197 1482 1279; x_wconf 72' lang='lat' dir='ltr'>Palestinam</span> <span class='ocrx_word' id='word_1_29' title='bbox 1498 1203 1565 1281; x_wconf 89' lang='lat' dir='ltr'>iter</span> <span class='ocrx_word' id='word_1_30' title='bbox 1578 1205 1638 1281; x_wconf 80' lang='lat' dir='ltr'>ha·</span> 
     </span>
     <span class='ocr_line' id='line_1_7' title="bbox 425 1228 1637 1447; baseline 0.002 -73"><span class='ocrx_word' id='word_1_31' title='bbox 425 1228 475 1447; x_wconf 83' lang='lat' dir='ltr'>J</span> <span class='ocrx_word' id='word_1_32' title='bbox 498 1300 619 1374; x_wconf 90' lang='lat' dir='ltr'>berem</span> <span class='ocrx_word' id='word_1_33' title='bbox 651 1298 905 1390; x_wconf 77' lang='lat' dir='ltr'>adversantibus</span> <span class='ocrx_word' id='word_1_34' title='bbox 934 1299 1144 1399; x_wconf 82' lang='lat' dir='ltr'>navigationr</span> <span class='ocrx_word' id='word_1_35' title='bbox 1165 1299 1280 1376; x_wconf 84' lang='lat' dir='ltr'>ventis</span> <span class='ocrx_word' id='word_1_36' title='bbox 1296 1301 1333 1374; x_wconf 88' lang='lat' dir='ltr'>in</span> <span class='ocrx_word' id='word_1_37' title='bbox 1348 1299 1522 1376; x_wconf 77' lang='lat' dir='ltr'>Pelusiaco</span> <span class='ocrx_word' id='word_1_38' title='bbox 1538 1323 1637 1399; x_wconf 86' lang='lat' dir='ltr'>portu</span> 
     </span>
    </p>

    <p class='ocr_par' dir='ltr' id='par_1_5' title="bbox 436 1393 1638 1691">
     <span class='ocr_line' id='line_1_8' title="bbox 504 1393 1634 1498; baseline 0.003 -27"><span class='ocrx_word' id='word_1_39' title='bbox 504 1393 689 1472; x_wconf 82' lang='lat' dir='ltr'>subsrsiens.</span> <span class='ocrx_word' id='word_1_40' title='bbox 739 1397 936 1473; x_wconf 84' lang='lat' dir='ltr'>Admiratus</span> <span class='ocrx_word' id='word_1_41' title='bbox 965 1421 1012 1472; x_wconf 85' lang='lat' dir='ltr'>ex</span> <span class='ocrx_word' id='word_1_42' title='bbox 1040 1398 1155 1472; x_wconf 87' lang='lat' dir='ltr'>animo</span> <span class='ocrx_word' id='word_1_43' title='bbox 1183 1399 1310 1472; x_wconf 88' lang='lat' dir='ltr'>cultum</span> <span class='ocrx_word' id='word_1_44' title='bbox 1338 1399 1634 1498; x_wconf 60' lang='lat' dir='ltr'>amoenitatemque</span> 
     </span>
     <span class='ocr_line' id='line_1_9' title="bbox 436 1491 1638 1594; baseline 0.006 -28"><span class='ocrx_word' id='word_1_45' title='bbox 436 1492 525 1584; x_wconf 90' lang='lat' dir='ltr'>loci,</span> <span class='ocrx_word' id='word_1_46' title='bbox 549 1495 666 1568; x_wconf 88' lang='lat' dir='ltr'>omnia</span> <span class='ocrx_word' id='word_1_47' title='bbox 682 1493 751 1570; x_wconf 93' lang='lat' dir='ltr'>Nili</span> <span class='ocrx_word' id='word_1_48' title='bbox 763 1491 811 1568; x_wconf 89' lang='lat' dir='ltr'>sui</span> <span class='ocrx_word' id='word_1_49' title='bbox 823 1495 997 1572; x_wconf 86' lang='lat' dir='ltr'>beneficio</span> <span class='ocrx_word' id='word_1_50' title='bbox 1012 1495 1227 1594; x_wconf 80' lang='lat' dir='ltr'>poffidentis,</span> <span class='ocrx_word' id='word_1_51' title='bbox 1251 1495 1370 1593; x_wconf 77' lang='lat' dir='ltr'>quibus</span> <span class='ocrx_word' id='word_1_52' title='bbox 1387 1517 1578 1592; x_wconf 86' lang='lat' dir='ltr'>provocet,</span> <span class='ocrx_word' id='word_1_53' title='bbox 1600 1515 1638 1573; x_wconf 88' lang='lat' dir='ltr'>ut</span> 
     </span>
     <span class='ocr_line' id='line_1_10' title="bbox 438 1585 835 1691; baseline 0.005 -27"><span class='ocrx_word' id='word_1_54' title='bbox 438 1613 520 1664; x_wconf 91' lang='lat' dir='ltr'>cum</span> <span class='ocrx_word' id='word_1_55' title='bbox 535 1585 682 1691; x_wconf 73' lang='lat' dir='ltr'>Marone</span> <span class='ocrx_word' id='word_1_56' title='bbox 698 1595 835 1690; x_wconf 86' lang='lat' dir='ltr'>loquar,</span> 
     </span>
    </p>
   </div>
   <div class='ocr_carea' id='block_1_5' title="bbox 437 1695 1647 2266">
    <p class='ocr_par' dir='ltr' id='par_1_6' title="bbox 586 1695 1289 1768">
     <span class='ocr_line' id='line_1_11' title="bbox 586 1695 1289 1768; baseline 0.004 -3"><span class='ocrx_word' id='word_1_57' title='bbox 586 1734 680 1754; x_wconf 91' lang='lat'>--</span> <span class='ocrx_word' id='word_1_58' title='bbox 707 1735 804 1756; x_wconf 85' lang='lat'>--</span> <span class='ocrx_word' id='word_1_59' title='bbox 827 1733 924 1755; x_wconf 89' lang='lat'>--</span> <span class='ocrx_word' id='word_1_60' title='bbox 945 1715 1069 1766; x_wconf 76' lang='lat' dir='ltr'>amena</span> <span class='ocrx_word' id='word_1_61' title='bbox 1083 1695 1201 1768; x_wconf 51' lang='lat' dir='ltr'>‘vireta</span> <span class='ocrx_word' id='word_1_62' title='bbox 1285 1711 1289 1719; x_wconf 90' lang='grc'>’</span> 
     </span>
    </p>

    <p class='ocr_par' dir='ltr' id='par_1_7' title="bbox 437 1789 1647 2266">
     <span class='ocr_line' id='line_1_12' title="bbox 582 1789 1404 1900; baseline -0.002 -38"><span class='ocrx_word' id='word_1_63' title='bbox 582 1791 831 1864; x_wconf 69' lang='lat' dir='ltr'>Fortunatam</span> <span class='ocrx_word' id='word_1_64' title='bbox 853 1813 1035 1880; x_wconf 74' lang='lat' dir='ltr'>mamm,</span> <span class='ocrx_word' id='word_1_65' title='bbox 1050 1789 1199 1900; x_wconf 79' lang='lat' dir='ltr'>sedesque</span> <span class='ocrx_word' id='word_1_66' title='bbox 1221 1791 1341 1883; x_wconf 69' lang='lat' dir='ltr'>beatas.</span> <span class='ocrx_word' id='word_1_67' title='bbox 1400 1807 1404 1814; x_wconf 89' lang='lat'>·</span> 
     </span>
     <span class='ocr_line' id='line_1_13' title="bbox 439 1882 1643 1983; baseline 0.004 -24"><span class='ocrx_word' id='word_1_68' title='bbox 439 1882 602 1980; x_wconf 86' lang='lat' dir='ltr'>conspexi</span> <span class='ocrx_word' id='word_1_69' title='bbox 625 1883 662 1958; x_wconf 91' lang='lat' dir='ltr'>in</span> <span class='ocrx_word' id='word_1_70' title='bbox 683 1884 914 1983; x_wconf 79' lang='lat' dir='ltr'>stagnantibus</span> <span class='ocrx_word' id='word_1_71' title='bbox 935 1883 1027 1958; x_wconf 91' lang='lat' dir='ltr'>circa</span> <span class='ocrx_word' id='word_1_72' title='bbox 1054 1907 1227 1980; x_wconf 76' lang='lat' dir='ltr'>proximas</span> <span class='ocrx_word' id='word_1_73' title='bbox 1254 1884 1349 1958; x_wconf 86' lang='lat' dir='ltr'>villar</span> <span class='ocrx_word' id='word_1_74' title='bbox 1373 1883 1466 1981; x_wconf 76' lang='lat' dir='ltr'>aquit</span> <span class='ocrx_word' id='word_1_75' title='bbox 1487 1886 1643 1982; x_wconf 85' lang='lat' dir='ltr'>plantam</span> 
     </span>
     <span class='ocr_line' id='line_1_14' title="bbox 437 1980 1643 2080; baseline 0.003 -24"><span class='ocrx_word' id='word_1_76' title='bbox 437 1981 550 2072; x_wconf 88' lang='lat' dir='ltr'>hanc,</span> <span class='ocrx_word' id='word_1_77' title='bbox 581 1983 676 2080; x_wconf 82' lang='lat' dir='ltr'>cujus</span> <span class='ocrx_word' id='word_1_78' title='bbox 695 1981 838 2058; x_wconf 88' lang='lat' dir='ltr'>leonem</span> <span class='ocrx_word' id='word_1_79' title='bbox 855 1981 1039 2077; x_wconf 84' lang='lat' dir='ltr'>Alpiniano</span> <span class='ocrx_word' id='word_1_80' title='bbox 1063 1981 1146 2079; x_wconf 89' lang='lat' dir='ltr'>slaij</span> <span class='ocrx_word' id='word_1_81' title='bbox 1177 1984 1267 2056; x_wconf 85' lang='lat' dir='ltr'>alem</span> <span class='ocrx_word' id='word_1_82' title='bbox 1292 1983 1325 2056; x_wconf 92' lang='lat' dir='ltr'>el</span> <span class='ocrx_word' id='word_1_83' title='bbox 1349 1980 1483 2073; x_wconf 86' lang='lat' dir='ltr'>maovi,</span> <span class='ocrx_word' id='word_1_84' title='bbox 1507 1983 1543 2068; x_wconf 79' lang='lat' dir='ltr'>id</span> <span class='ocrx_word' id='word_1_85' title='bbox 1567 1982 1643 2078; x_wconf 86' lang='lat' dir='ltr'>est,</span> 
     </span>
     <span class='ocr_line' id='line_1_15' title="bbox 439 2077 1647 2178; baseline -0.002 -26"><span class='ocrx_word' id='word_1_86' title='bbox 439 2077 659 2176; x_wconf 80' lang='lat' dir='ltr'>semperviva</span> <span class='ocrx_word' id='word_1_87' title='bbox 674 2077 1014 2176; x_wconf 84' lang='lat' dir='ltr'>aquatico,subjicio.</span> <span class='ocrx_word' id='word_1_88' title='bbox 1064 2077 1155 2152; x_wconf 84' lang='lat' dir='ltr'>Earn</span> <span class='ocrx_word' id='word_1_89' title='bbox 1176 2103 1312 2178; x_wconf 90' lang='lat' dir='ltr'>quoque</span> <span class='ocrx_word' id='word_1_90' title='bbox 1323 2098 1485 2154; x_wconf 84' lang='lat' dir='ltr'>veterum</span> <span class='ocrx_word' id='word_1_91' title='bbox 1501 2080 1647 2158; x_wconf 82' lang='lat' dir='ltr'>Botani.</span> 
     </span>
     <span class='ocr_line' id='line_1_16' title="bbox 437 2172 1647 2266; baseline -0.005 -14"><span class='ocrx_word' id='word_1_92' title='bbox 437 2199 560 2252; x_wconf 91' lang='lat' dir='ltr'>corurn</span> <span class='ocrx_word' id='word_1_93' title='bbox 582 2175 749 2251; x_wconf 87' lang='lat' dir='ltr'>Niliacam</span> <span class='ocrx_word' id='word_1_94' title='bbox 766 2172 966 2254; x_wconf 88' lang='lat' dir='ltr'>Stratiotem</span> <span class='ocrx_word' id='word_1_95' title='bbox 983 2173 1073 2266; x_wconf 82' lang='lat' dir='ltr'>elle,</span> <span class='ocrx_word' id='word_1_96' title='bbox 1099 2175 1499 2252; x_wconf 80' lang='lat' dir='ltr'>abundenotisornnibur</span> <span class='ocrx_word' id='word_1_97' title='bbox 1517 2179 1647 2256; x_wconf 88' lang='lat' dir='ltr'>confir.</span> 
     </span>
    </p>
   </div>
   <div class='ocr_carea' id='block_1_6' title="bbox 435 2271 1769 2472">
    <p class='ocr_par' dir='ltr' id='par_1_8' title="bbox 435 2271 1769 2472">
     <span class='ocr_line' id='line_1_17' title="bbox 436 2271 1769 2368; baseline -0.007 -18"><span class='ocrx_word' id='word_1_98' title='bbox 436 2297 587 2350; x_wconf 87' lang='lat' dir='ltr'>mamur:</span> <span class='ocrx_word' id='word_1_99' title='bbox 637 2274 768 2348; x_wconf 82' lang='lat' dir='ltr'>uamvir</span> <span class='ocrx_word' id='word_1_100' title='bbox 782 2271 941 2358; x_wconf 86' lang='lat' dir='ltr'>foliorum</span> <span class='ocrx_word' id='word_1_101' title='bbox 951 2274 1159 2349; x_wconf 88' lang='lat' dir='ltr'>lineamenta</span> <span class='ocrx_word' id='word_1_102' title='bbox 1176 2271 1465 2368; x_wconf 82' lang='lat' dir='ltr'>diversampraese</span> <span class='ocrx_word' id='word_1_103' title='bbox 1478 2273 1644 2352; x_wconf 86' lang='lat' dir='ltr'>serantfi.</span> <span class='ocrx_word' id='word_1_104' title='bbox 1768 2303 1769 2340; x_wconf 79' lang='grc'>;</span> 
     </span>
     <span class='ocr_line' id='line_1_18' title="bbox 435 2368 1769 2472; baseline -0.006 -27"><span class='ocrx_word' id='word_1_105' title='bbox 435 2395 568 2472; x_wconf 84' lang='lat' dir='ltr'>guram.</span> <span class='ocrx_word' id='word_1_106' title='bbox 657 2395 707 2446; x_wconf 80' lang='lat' dir='ltr'>aec</span> <span class='ocrx_word' id='word_1_107' title='bbox 724 2370 836 2447; x_wconf 86' lang='lat' dir='ltr'>Ainoo</span> <span class='ocrx_word' id='word_1_108' title='bbox 850 2371 1007 2470; x_wconf 87' lang='lat' dir='ltr'>quidem,</span> <span class='ocrx_word' id='word_1_109' title='bbox 1032 2368 1090 2444; x_wconf 89' lang='lat' dir='ltr'>sed</span> <span class='ocrx_word' id='word_1_110' title='bbox 1106 2368 1349 2468; x_wconf 73' lang='lat' dir='ltr'>maioriilli,&amp;</span> <span class='ocrx_word' id='word_1_111' title='bbox 1362 2370 1646 2452; x_wconf 84' lang='lat' dir='ltr'>arborescentifi.</span> <span class='ocrx_word' id='word_1_112' title='bbox 1768 2389 1769 2392; x_wconf 41' lang='lat'>¹</span> 
     </span>
    </p>
   </div>
   <div class='ocr_carea' id='block_1_7' title="bbox 429 2465 1649 3931">
    <p class='ocr_par' dir='ltr' id='par_1_9' title="bbox 429 2465 1649 3931">
     <span class='ocr_line' id='line_1_19' title="bbox 430 2465 1646 2567; baseline -0.007 -23"><span class='ocrx_word' id='word_1_113' title='bbox 430 2466 699 2560; x_wconf 50' lang='lat' dir='ltr'>‚milia&#39;dicerem</span> <span class='ocrx_word' id='word_1_114' title='bbox 723 2469 759 2544; x_wconf 92' lang='lat' dir='ltr'>ni</span> <span class='ocrx_word' id='word_1_115' title='bbox 773 2471 905 2567; x_wconf 86' lang='lat' dir='ltr'>majora</span> <span class='ocrx_word' id='word_1_116' title='bbox 917 2469 1024 2543; x_wconf 90' lang='lat' dir='ltr'>multo</span> <span class='ocrx_word' id='word_1_117' title='bbox 1037 2465 1171 2558; x_wconf 85' lang='lat' dir='ltr'>forent,</span> <span class='ocrx_word' id='word_1_118' title='bbox 1209 2466 1377 2563; x_wconf 74' lang='lat' dir='ltr'>aliterque</span> <span class='ocrx_word' id='word_1_119' title='bbox 1394 2468 1525 2545; x_wconf 90' lang='lat' dir='ltr'>latiora.</span> <span class='ocrx_word' id='word_1_120' title='bbox 1560 2470 1646 2548; x_wconf 86' lang='lat' dir='ltr'>Sur.</span> 
     </span>
     <span class='ocr_line' id='line_1_20' title="bbox 436 2561 1646 2664; baseline -0.002 -21"><span class='ocrx_word' id='word_1_121' title='bbox 436 2565 532 2643; x_wconf 75' lang='lat' dir='ltr'>recta</span> <span class='ocrx_word' id='word_1_122' title='bbox 547 2566 707 2664; x_wconf 86' lang='lat' dir='ltr'>pleraque</span> <span class='ocrx_word' id='word_1_123' title='bbox 715 2565 1047 2664; x_wconf 87' lang='lat' dir='ltr'>videnturroseoque</span> <span class='ocrx_word' id='word_1_124' title='bbox 1055 2563 1156 2638; x_wconf 87' lang='lat' dir='ltr'>conse</span> <span class='ocrx_word' id='word_1_125' title='bbox 1183 2589 1214 2659; x_wconf 13' lang='lat' dir='ltr'>up</span> <span class='ocrx_word' id='word_1_126' title='bbox 1225 2561 1366 2660; x_wconf 87' lang='lat' dir='ltr'>stipata,</span> <span class='ocrx_word' id='word_1_127' title='bbox 1390 2563 1429 2640; x_wconf 79' lang='grc' dir='ltr'>ἀ</span> <span class='ocrx_word' id='word_1_128' title='bbox 1442 2566 1646 2654; x_wconf 73' lang='lat' dir='ltr'>citrajrnalae</span> 
     </span>
     <span class='ocr_line' id='line_1_21' title="bbox 436 2657 1647 2762; baseline -0.008 -22"><span class='ocrx_word' id='word_1_129' title='bbox 436 2663 546 2740; x_wconf 69' lang='lat' dir='ltr'>artam</span> <span class='ocrx_word' id='word_1_130' title='bbox 562 2661 775 2759; x_wconf 85' lang='lat' dir='ltr'>dispendium</span> <span class='ocrx_word' id='word_1_131' title='bbox 790 2663 887 2761; x_wconf 82' lang='lat' dir='ltr'>plicia</span> <span class='ocrx_word' id='word_1_132' title='bbox 899 2664 936 2740; x_wconf 93' lang='lat' dir='ltr'>in</span> <span class='ocrx_word' id='word_1_133' title='bbox 952 2661 1200 2762; x_wconf 78' lang='lat' dir='ltr'>longitudinem</span> <span class='ocrx_word' id='word_1_134' title='bbox 1215 2657 1371 2758; x_wconf 74' lang='lat' dir='ltr'>rugisque</span> <span class='ocrx_word' id='word_1_135' title='bbox 1380 2683 1451 2736; x_wconf 92' lang='lat' dir='ltr'>non</span> <span class='ocrx_word' id='word_1_136' title='bbox 1468 2663 1647 2762; x_wconf 71' lang='lat' dir='ltr'>inelegnn.</span> 
     </span>
     <span class='ocr_line' id='line_1_22' title="bbox 432 2755 1647 2859; baseline 0 -21"><span class='ocrx_word' id='word_1_137' title='bbox 432 2781 494 2854; x_wconf 57' lang='lat' dir='ltr'>,ter</span> <span class='ocrx_word' id='word_1_138' title='bbox 519 2757 671 2856; x_wconf 80' lang='lat' dir='ltr'>crispata</span> <span class='ocrx_word' id='word_1_139' title='bbox 721 2759 825 2838; x_wconf 89' lang='lat' dir='ltr'>Circa</span> <span class='ocrx_word' id='word_1_140' title='bbox 842 2781 1020 2850; x_wconf 83' lang='lat' dir='ltr'>exortum,</span> <span class='ocrx_word' id='word_1_141' title='bbox 1048 2778 1086 2834; x_wconf 92' lang='lat' dir='ltr'>ut</span> <span class='ocrx_word' id='word_1_142' title='bbox 1102 2759 1207 2850; x_wconf 88' lang='lat' dir='ltr'>solet,</span> <span class='ocrx_word' id='word_1_143' title='bbox 1231 2755 1421 2855; x_wconf 79' lang='lat' dir='ltr'>augustiora</span> <span class='ocrx_word' id='word_1_144' title='bbox 1436 2758 1535 2856; x_wconf 86' lang='lat' dir='ltr'>solia,</span> <span class='ocrx_word' id='word_1_145' title='bbox 1560 2787 1647 2859; x_wconf 79' lang='lat' dir='ltr'>pau·</span> 
     </span>
     <span class='ocr_line' id='line_1_23' title="bbox 437 2855 1647 2955; baseline 0.001 -19"><span class='ocrx_word' id='word_1_146' title='bbox 437 2857 536 2936; x_wconf 82' lang='lat' dir='ltr'>satim</span> <span class='ocrx_word' id='word_1_147' title='bbox 553 2856 717 2955; x_wconf 79' lang='lat' dir='ltr'>deinceps</span> <span class='ocrx_word' id='word_1_148' title='bbox 732 2857 922 2933; x_wconf 88' lang='lat' dir='ltr'>dilatantur.</span> <span class='ocrx_word' id='word_1_149' title='bbox 972 2857 1217 2934; x_wconf 83' lang='lat' dir='ltr'>Extremorurn</span> <span class='ocrx_word' id='word_1_150' title='bbox 1231 2855 1426 2944; x_wconf 87' lang='lat' dir='ltr'>alteronon</span> <span class='ocrx_word' id='word_1_151' title='bbox 1444 2855 1479 2931; x_wconf 91' lang='lat' dir='ltr'>in</span> <span class='ocrx_word' id='word_1_152' title='bbox 1493 2880 1647 2938; x_wconf 86' lang='lat' dir='ltr'>acumen</span> 
     </span>
     <span class='ocr_line' id='line_1_24' title="bbox 440 2951 1647 3052; baseline -0.007 -21"><span class='ocrx_word' id='word_1_153' title='bbox 440 2955 622 3052; x_wconf 81' lang='lat' dir='ltr'>exeuntia3</span> <span class='ocrx_word' id='word_1_154' title='bbox 648 2954 707 3030; x_wconf 92' lang='lat' dir='ltr'>sed</span> <span class='ocrx_word' id='word_1_155' title='bbox 724 2954 862 3030; x_wconf 81' lang='lat' dir='ltr'>reflexis</span> <span class='ocrx_word' id='word_1_156' title='bbox 877 2953 1001 3030; x_wconf 89' lang='lat' dir='ltr'>leviter</span> <span class='ocrx_word' id='word_1_157' title='bbox 1016 2953 1083 3029; x_wconf 88' lang='lat' dir='ltr'>orir</span> <span class='ocrx_word' id='word_1_158' title='bbox 1099 2951 1283 3050; x_wconf 90' lang='lat' dir='ltr'>plusculum</span> <span class='ocrx_word' id='word_1_159' title='bbox 1303 2951 1441 3027; x_wconf 73' lang='lat' dir='ltr'>didusta</span> <span class='ocrx_word' id='word_1_160' title='bbox 1460 2953 1551 3044; x_wconf 86' lang='lat' dir='ltr'>sunt:</span> <span class='ocrx_word' id='word_1_161' title='bbox 1578 2981 1647 3035; x_wconf 60' lang='grc' dir='ltr'>οε.</span> 
     </span>
     <span class='ocr_line' id='line_1_25' title="bbox 440 3049 1649 3132; baseline 0.003 -4"><span class='ocrx_word' id='word_1_162' title='bbox 440 3073 517 3129; x_wconf 90' lang='lat' dir='ltr'>tera</span> <span class='ocrx_word' id='word_1_163' title='bbox 534 3051 667 3130; x_wconf 76' lang='lat' dir='ltr'>dilucida</span> <span class='ocrx_word' id='word_1_164' title='bbox 685 3050 890 3128; x_wconf 88' lang='lat' dir='ltr'>virescentia</span> <span class='ocrx_word' id='word_1_165' title='bbox 908 3051 1064 3127; x_wconf 88' lang='lat' dir='ltr'>verbasci</span> <span class='ocrx_word' id='word_1_166' title='bbox 1082 3049 1187 3128; x_wconf 86' lang='lat' dir='ltr'>instar</span> <span class='ocrx_word' id='word_1_167' title='bbox 1205 3049 1295 3126; x_wconf 89' lang='lat' dir='ltr'>utrin</span> <span class='ocrx_word' id='word_1_168' title='bbox 1318 3073 1364 3124; x_wconf 84' lang='lat' dir='ltr'>uo</span> <span class='ocrx_word' id='word_1_169' title='bbox 1377 3051 1523 3128; x_wconf 89' lang='lat' dir='ltr'>molliter</span> <span class='ocrx_word' id='word_1_170' title='bbox 1538 3054 1649 3132; x_wconf 87' lang='lat' dir='ltr'>hirsu-</span> 
     </span>
     <span class='ocr_line' id='line_1_26' title="bbox 439 3147 1649 3347; baseline 0.001 -22"><span class='ocrx_word' id='word_1_171' title='bbox 439 3147 1249 3346; x_wconf 51' lang='lat' dir='ltr'>inllillkllnisss‘effiifflli‘li</span> <span class='ocrx_word' id='word_1_172' title='bbox 1265 3150 1649 3347; x_wconf 57' lang='lat' dir='ltr'>Jnl‘sstdlol&#39;ls</span> 
     </span>
     <span class='ocr_line' id='line_1_27' title="bbox 429 3331 1648 3446; baseline 0.002 -25"><span class='ocrx_word' id='word_1_173' title='bbox 429 3331 607 3421; x_wconf 78' lang='lat' dir='ltr'>&#39;servavi&#39;</span> <span class='ocrx_word' id='word_1_174' title='bbox 635 3341 755 3420; x_wconf 87' lang='lat' dir='ltr'>Planta</span> <span class='ocrx_word' id='word_1_175' title='bbox 782 3363 858 3421; x_wconf 87' lang='lat' dir='ltr'>tota</span> <span class='ocrx_word' id='word_1_176' title='bbox 880 3341 976 3420; x_wconf 80' lang='lat' dir='ltr'>senti</span> <span class='ocrx_word' id='word_1_177' title='bbox 995 3343 1066 3422; x_wconf 85' lang='lat' dir='ltr'>bafi</span> <span class='ocrx_word' id='word_1_178' title='bbox 1091 3343 1171 3420; x_wconf 88' lang='lat' dir='ltr'>Nilo</span> <span class='ocrx_word' id='word_1_179' title='bbox 1192 3343 1349 3437; x_wconf 85' lang='lat' dir='ltr'>incubat,</span> <span class='ocrx_word' id='word_1_180' title='bbox 1372 3341 1429 3434; x_wconf 81' lang='lat' dir='ltr'>dr,</span> <span class='ocrx_word' id='word_1_181' title='bbox 1445 3363 1482 3419; x_wconf 82' lang='lat' dir='ltr'>ut</span> <span class='ocrx_word' id='word_1_182' title='bbox 1497 3345 1648 3446; x_wconf 78' lang='lat' dir='ltr'>loqrritur</span> 
     </span>
     <span class='ocr_line' id='line_1_28' title="bbox 439 3439 1646 3545; baseline 0.007 -27"><span class='ocrx_word' id='word_1_183' title='bbox 439 3443 681 3535; x_wconf 70' lang='lat' dir='ltr'>Ammathous,</span> <span class='ocrx_word' id='word_1_184' title='bbox 705 3445 940 3545; x_wconf 64' lang='lat' dir='ltr'>turdxrmoe</span> <span class='ocrx_word' id='word_1_185' title='bbox 951 3439 1047 3519; x_wconf 68' lang='grc' dir='ltr'><em>ὕδασι</em></span> <span class='ocrx_word' id='word_1_186' title='bbox 1062 3443 1163 3540; x_wconf 67' lang='grc' dir='ltr'>χούς</span> <span class='ocrx_word' id='word_1_187' title='bbox 1177 3447 1280 3539; x_wconf 58' lang='lat' dir='ltr'>sliat,</span> <span class='ocrx_word' id='word_1_188' title='bbox 1302 3439 1435 3518; x_wconf 65' lang='lat' dir='ltr'>imitat</span> <span class='ocrx_word' id='word_1_189' title='bbox 1451 3446 1545 3542; x_wconf 64' lang='lat' dir='ltr'>aquis</span> <span class='ocrx_word' id='word_1_190' title='bbox 1559 3444 1646 3522; x_wconf 69' lang='lat' dir='ltr'>citri</span> 
     </span>
     <span class='ocr_line' id='line_1_29' title="bbox 441 3537 1644 3640; baseline 0 -24"><span class='ocrx_word' id='word_1_191' title='bbox 441 3538 617 3640; x_wconf 85' lang='lat' dir='ltr'>radicem:</span> <span class='ocrx_word' id='word_1_192' title='bbox 641 3540 796 3639; x_wconf 78' lang='lat' dir='ltr'>quamvis</span> <span class='ocrx_word' id='word_1_193' title='bbox 815 3541 970 3618; x_wconf 87' lang='lat' dir='ltr'>radicum</span> <span class='ocrx_word' id='word_1_194' title='bbox 992 3539 1109 3616; x_wconf 85' lang='lat' dir='ltr'>vicem</span> <span class='ocrx_word' id='word_1_195' title='bbox 1125 3537 1276 3618; x_wconf 85' lang='lat' dir='ltr'>demissa</span> <span class='ocrx_word' id='word_1_196' title='bbox 1295 3559 1423 3618; x_wconf 88' lang='lat' dir='ltr'>terram</span> <span class='ocrx_word' id='word_1_197' title='bbox 1449 3543 1567 3618; x_wconf 80' lang='lat' dir='ltr'>versus</span> <span class='ocrx_word' id='word_1_198' title='bbox 1589 3559 1644 3616; x_wconf 64' lang='lat' dir='ltr'>toa</span> 
     </span>
     <span class='ocr_line' id='line_1_30' title="bbox 441 3633 1645 3736; baseline 0.003 -22"><span class='ocrx_word' id='word_1_199' title='bbox 441 3635 595 3714; x_wconf 72' lang='lat' dir='ltr'>nuissrnn</span> <span class='ocrx_word' id='word_1_200' title='bbox 609 3637 771 3716; x_wconf 85' lang='lat' dir='ltr'>fibrarum</span> <span class='ocrx_word' id='word_1_201' title='bbox 788 3638 896 3715; x_wconf 89' lang='lat' dir='ltr'>veluti</span> <span class='ocrx_word' id='word_1_202' title='bbox 911 3639 1088 3714; x_wconf 91' lang='lat' dir='ltr'>filamenta</span> <span class='ocrx_word' id='word_1_203' title='bbox 1102 3633 1295 3716; x_wconf 80' lang='lat' dir='ltr'>sustineant.</span> <span class='ocrx_word' id='word_1_204' title='bbox 1325 3641 1375 3716; x_wconf 83' lang='lat' dir='ltr'>At</span> <span class='ocrx_word' id='word_1_205' title='bbox 1385 3661 1516 3716; x_wconf 87' lang='lat' dir='ltr'>nomen</span> <span class='ocrx_word' id='word_1_206' title='bbox 1534 3638 1645 3736; x_wconf 87' lang='lat' dir='ltr'>ipsum</span> 
     </span>
     <span class='ocr_line' id='line_1_31' title="bbox 436 3731 1644 3832; baseline 0.006 -24"><span class='ocrx_word' id='word_1_207' title='bbox 436 3731 631 3826; x_wconf 54' lang='lat' dir='ltr'>‚Stratiotin</span> <span class='ocrx_word' id='word_1_208' title='bbox 654 3735 767 3830; x_wconf 83' lang='lat' dir='ltr'>potidr</span> <span class='ocrx_word' id='word_1_209' title='bbox 789 3739 837 3816; x_wconf 72' lang='lat' dir='ltr'>,ab</span> <span class='ocrx_word' id='word_1_210' title='bbox 861 3734 989 3811; x_wconf 87' lang='lat' dir='ltr'>eximia</span> <span class='ocrx_word' id='word_1_211' title='bbox 1019 3733 1246 3817; x_wconf 86' lang='lat' dir='ltr'>sanandorum</span> <span class='ocrx_word' id='word_1_212' title='bbox 1270 3738 1449 3823; x_wconf 76' lang='lat' dir='ltr'>viduorum</span> <span class='ocrx_word' id='word_1_213' title='bbox 1466 3737 1644 3832; x_wconf 77' lang='lat' dir='ltr'>efficacia,</span> 
     </span>
     <span class='ocr_line' id='line_1_32' title="bbox 444 3829 1171 3931; baseline 0.01 -24"><span class='ocrx_word' id='word_1_214' title='bbox 444 3851 547 3931; x_wconf 84' lang='lat' dir='ltr'>quam</span> <span class='ocrx_word' id='word_1_215' title='bbox 565 3830 728 3914; x_wconf 86' lang='lat' dir='ltr'>nascendi</span> <span class='ocrx_word' id='word_1_216' title='bbox 747 3831 947 3912; x_wconf 82' lang='lat' dir='ltr'>condicione</span> <span class='ocrx_word' id='word_1_217' title='bbox 961 3829 1079 3912; x_wconf 88' lang='lat' dir='ltr'>sortita</span> <span class='ocrx_word' id='word_1_218' title='bbox 1095 3829 1171 3914; x_wconf 77' lang='lat' dir='ltr'>sarit.</span> 
     </span>
    </p>
   </div>
   <div class='ocr_carea' id='block_1_8' title="bbox 1419 4013 1645 4118">
    <p class='ocr_par' dir='ltr' id='par_1_10' title="bbox 1419 4013 1645 4118">
     <span class='ocr_line' id='line_1_33' title="bbox 1419 4013 1645 4118; baseline 0.009 -2"><span class='ocrx_word' id='word_1_219' title='bbox 1419 4013 1645 4118; x_wconf 62' lang='lat' dir='ltr'>&#39;co</span> 
     </span>
    </p>
   </div>
   <div class='ocr_carea' id='block_1_9' title="bbox 0 0 1797 4596">
    <p class='ocr_par' dir='ltr' id='par_1_11' title="bbox 0 0 1797 4596">
     <span class='ocr_line' id='line_1_34' title="bbox 0 0 1797 4596; baseline 0 0"><span class='ocrx_word' id='word_1_220' title='bbox 0 0 1797 4596; x_wconf 95' lang='lat' dir='ltr'> </span> 
     </span>
    </p>
   </div>
  </div>
 </body>
</html>
