3566 4596
476 302 735 415 opobalsami
750 304 975 394 Vindicis..
1249 301 1337 414 2317

125 485 237 593 sistes,
271 479 412 599 quaeque
434 498 603 599 lingularis
629 503 700 600 ejus
716 503 898 600 prudentia
928 493 1019 596 fuit,
1043 503 1181 580 ¹'udices
1199 529 1332 608 cogno-¹

123 601 255 678 fcendae
267 599 372 672 causae
391 597 481 671 viros
503 599 649 698 delegit,
676 625 759 698 quos
775 603 944 677 faciendae
975 533 1159 682 Medicina
1175 605 1328 684 dexteri·

123 717 215 789 tate,
240 697 473 794 virtutumque
491 700 648 774 omnium
668 702 879 775 ornamentis
900 701 1070 800 praecipud
1089 705 1245 802 cognitos
1269 706 1331 780 ha·

121 801 239 874 bebat.
287 796 428 869 Docere
451 797 559 872 voluit
584 797 740 872 incautos
765 854 776 889 ,
808 821 892 874 non*
908 798 1107 900 theologam
1139 802 1197 876 sed
1215 805 1337 890 medi.-

119 891 283 970 conaelle
313 895 606 971 controversum:
641 921 755 996 neque
787 896 935 994 litigiosrs
963 899 1264 997 disceptationibus
1290 903 1326 978 in

116 993 301 1069 Themidis
317 993 396 1068 foro
419 995 662 1092 implicandam
680 1027 692 1090 3
717 994 776 1068 sed
793 993 988 1091 frequenti,
1014 997 1193 1098 sedulaque
1211 1023 1327 1079 rerum

118 1093 355 1190 ambiguarum
384 1091 627 1189 inquestione,
658 1112 759 1192 atque
790 1093 880 1167 inter
902 1093 937 1166 se
962 1085 1220 1192 comparatione
1245 1099 1325 1172 diti·

114 1193 291 1267 mendam.
341 1193 417 1267 lmb
432 1215 502 1267 non
519 1191 601 1266 alios
617 1191 678 1266 sthi
692 1215 842 1290 quaerere
868 1191 1025 1265 doctores
1043 1195 1326 1293 pharmacopoeos

118 1291 271 1380 debere,
297 1293 427 1387 quami
441 1289 562 1388 quibus
570 1291 715 1365 materia
731 1291 1055 1462 componendorum
1073 1292 1150 1387 ipsrs
1173 1293 1327 1392 praescri-

114 1391 233 1479 bitur,
258 1387 296 1464 ἃ
317 1386 404 1461 ratio
418 1388 547 1486 pariter
563 1389 750 1488 modusque
760 1389 809 1462 mi
841 1414 905 1464 urae
927 1389 1130 1486 praecipitur.
1181 1391 1328 1484 Atillos,

111 1487 362 1565 archiatrorum
382 1487 517 1562 suorum
533 1487 735 1563 audiaritate
754 1485 883 1584 spreta,
903 1489 977 1586 jam
996 1488 1031 1561 in
1047 1487 1216 1659 gurgitem
1243 1515 1327 1568 con-

111 1586 309 1664 tentionum
324 1586 494 1660 detulerat
513 1587 667 1664 turbidus
687 1587 837 1675 animus,
862 1583 1018 1684 adeoque
1037 1587 1105 1660 arni

112 1685 245 1762 confilii
263 1683 422 1776 arbitrio,
448 1709 494 1761 ne
513 1685 583 1761 line
595 1683 725 1760 cortice
750 1683 878 1758 deinde
893 1703 1071 1774 natarent,
1095 1685 1325 1781 patrocinium

110 1783 283 1881 Stephani
301 1784 345 1858 de
363 1781 528 1882 Gasparis
552 1783 686 1859 llledici
711 1781 862 1857 Romani
887 1783 1123 1880 impetrarunt.
1175 1781 1248 1857 Hic
1268 1809 1326 1858 au-

110 1905 190 1961 tem
206 1882 241 1958 in
258 1907 297 1958 re
311 1881 371 1958 srbi
385 1881 590 1982 incognita,
614 1881 765 1958 funditis
788 1881 1001 1972 subruenda,
1034 1899 1198 1979 quantum
1219 1883 1328 1974 veri,

106 1982 258 2084 justique
282 1979 405 2057 linibus
423 1979 624 2073 excellent,
648 1980 745 2056 unius
760 1976 936 2055 Francisci
958 1977 1083 2070 Perlae,
1101 1979 1234 2054 Medici
1252 1978 1327 2056 Ro·

109 2083 227 2175 mani,
253 2078 355 2154 dotia
370 2077 519 2176 pariter,
543 2101 645 2178 atque
666 2077 1032 2176 elegansdilsertatio,
1057 2075 1327 2176 &physicarum

111 2179 410 2278 oppugnationum
435 2177 668 2272 propulsatio,
702 2176 875 2250 ctariffirne
905 2172 1127 2250 demonstrat.
1175 2177 1251 2250 lnrb
1280 2202 1327 2252 ne

111 2279 173 2356 soli
195 2279 230 2354 in
248 2277 316 2350 hoc
334 2275 573 2349 controversrae
590 2271 682 2348 freto
702 2291 860 2347 natarent
889 2269 1111 2367 Opobalsami
1128 2271 1331 2368 delatores,

112 2399 184 2453 tres
203 2377 289 2451 item
308 2373 590 2470 pharmacopoeos
613 2373 770 2446 Venetos
789 2371 833 2444 ad
852 2369 1047 2470 suffragium
1064 2371 1125 2446 srbi
1142 2370 1326 2448 ferendum

113 2477 351 2574 impulerunt,
385 2496 468 2570 quos
494 2495 575 2546 cum
600 2469 723 2546 Petrus
752 2465 943 2560 Callellus,
976 2471 1011 2543 in
1035 2469 1324 2546 Mamertinorum

112 2572 306 2648 Academia
332 2570 444 2646 Sicula
466 2569 646 2668 primarius
669 2567 721 2642 rei
746 2567 895 2666 Medica
920 2566 1114 2664 proleffor,
1140 2567 1248 2643 actius
1272 2570 1334 2645 in··

112 2671 289 2758 vaderet,
330 2691 449 2750 eorum
475 2693 518 2740 ue
543 2667 724 2742 Theriacis
745 2668 972 2742 inclementer
992 2667 1150 2758 diceret,
1182 2689 1227 2741 ne
1253 2694 1324 2745 vox

113 2769 154 2846 dr
169 2767 277 2838 latera
293 2763 408 2838 deelle
426 2693 673 2856 viderentursa
697 2765 885 2864 Peregrino
903 2763 1034 2840 Pitorio
1055 2766 1206 2839 Medico
1217 2767 1326 2842 advo-

114 2865 291 2940 canonem
316 2861 549 2958 quaehverunt.
600 2863 674 2956 Qui
697 2865 780 2938 durn
806 2887 851 2938 ex
882 2863 1034 2938 vitorum
1060 2863 1335 2940 docliffimorum

115 2959 265 3058 seriptis,
291 2957 561 3056 Opobalsamum
579 2959 727 3052 falsum,
760 2961 986 3060 fluidumque
1008 2983 1129 3036 eruere
1151 2986 1324 3055 conatur,

112 3057 283 3158 Epistolas
305 3081 440 3171 quoque
455 3082 551 3133 meas
570 3059 613 3134 ad
634 3061 780 3136 Baldum
799 3061 943 3136 baldum
971 3061 1005 3134 in
1028 3058 1190 3134 Romano
1208 3063 1324 3158 Gym-

112 3159 207 3235 nasro
222 3155 381 3255 prachcae
404 3155 588 3235 Medicinae
607 3157 831 3256 profellorem
850 3158 1059 3235 clarilllmum
1071 3216 1093 3248 ,r
1106 3183 1325 3258 quarumuna

111 3259 264 3334 natalem
280 3255 351 3330 hoe
369 3281 444 3330 evo
463 3254 603 3332 balsami
619 3277 745 3333 terram
766 3279 788 3348 ,·
801 3256 949 3356 illiusque
967 3257 1171 3330 varietatem
1197 3259 1296 3333 retuli
1314 3289 1335 3335 :¹

112 3359 238 3444 altera,
256 3357 447 3452 ¹probatum
465 3357 508 3428 ab
530 3354 602 3452 ipso
620 3354 910 3528 Opobalsamum,
936 3355 1127 3452 legitimum
1150 3355 1323 3450 tellabar,

110 3455 159 3532 stc
177 3455 329 3530 obvertit
348 3511 359 3546 ,
385 3473 571 3552 contraque
588 3451 645 3529 sen
661 3479 719 3528 um
738 3477 855 3528 meum
872 3457 1079 3550 detorquet,
1114 3473 1151 3528 ut
1169 3480 1227 3529 me
1251 3479 1322 3530 non

108 3551 320 3651 legitimum,
346 3553 405 3626 sed
419 3550 651 3627 terebinthina
666 3555 844 3642 vitiatum,
869 3549 906 3625 dt
930 3553 1106 3626 communi
1125 3571 1257 3628 tantum
1268 3555 1327 3628 O-

111 3650 298 3750 pobalsami
325 3650 467 3730 nomiae
496 3649 712 3725 subornatum
736 3651 887 3724 succum·
910 3647 1077 3724 afferuiffe
1107 3651 1335 3748 persuadeat..

112 3749 211 3823 Huic
229 3766 265 3822 ut
281 3749 396 3844 paucis
421 3773 480 3824 me
498 3747 691 3838 declarem,
715 3749 839 3845 partim
868 3748 1016 3826 Medicae
1037 3749 1206 3823 facultatis
1224 3771 1324 3820 emo-

111 3850 306 3920 lumenturn
322 3849 451 3949 exigit,
477 3849 532 3925 cui
554 3847 700 3925 remedii
716 3847 894 3942 utilissimi,
917 3851 962 3925 de
980 3871 1047 3948 quo
1069 3847 1227 3945 agimus,
1261 3869 1320 3920 ac·

113 3947 216 4021 cellro
231 3945 394 4045 debetur,
419 3949 546 4046 partim
560 3950 665 4046 fides,
694 3970 795 4048 quam
816 3946 1079 4048 prudentissimis
1097 3943 1331 4118 aelriatrisqp‘r¹

1133 1609 1158 1662 ο,
1174 1590 1325 1665 melioris
1417 1663 1425 1674 ,
