3456 4590
394 291 445 372 70
469 262 727 388 PROSPERl
753 262 1111 382 euertissent:
1136 264 1342 350 PLANTIS
1367 267 1584 356 AEGYPTI.

398 447 537 542 Quibus
556 443 714 522 absolutis
726 445 770 520 ad
789 444 854 520 alia
864 444 1109 524 transeundum
1123 446 1388 542 eli,&sottell'e
1407 450 1452 526 ad
1466 447 1609 530 studium

398 545 446 623 de
462 545 628 647 ambiguis
647 545 813 620 nonnullis
831 544 1036 642 fimplicibus
1046 546 1309 626 medicamentis
1320 549 1610 650 agnoscendi,sae-

396 650 443 745 pe
466 639 485 722 ‘a
502 670 560 720 me
580 644 819 719 desideratum.
869 641 940 720 Dirl
958 647 1052 722 enim
1068 643 1283 748 summopere
1305 647 1502 726 defideravi
1523 651 1610 725 inter

397 769 463 823 nos
488 743 759 822 absolutissimam
784 742 830 817 de
853 745 1012 821 omnibus
1029 744 1218 842 priscorum
1239 747 1459 824 medicorum
1488 740 1609 824 ulitalis

396 841 663 922 medicamentis
684 841 913 939 simplicibus,
938 870 1012 943 quae
1037 841 1202 924 haetenus
1228 847 1318 944 apud
1371 843 1527 946 serosque
1550 871 1610 922 no-

397 943 544 1020 strorum
578 939 795 1017 medicorum
824 941 929 1016 dubia
953 945 1148 1034 habentur,
1189 943 1308 1020 haberi
1359 941 1607 1043 ‘putationem

399 1041 562 1120 GUlL.
601 1039 675 1116 lam
707 1038 883 1115 historiam
913 1040 958 1116 de
983 1037 1234 1141 AEgyptiotutn
1263 1043 1337 1119 tritu
1359 1045 1484 1141 usitata
1504 1043 1610 1138 rnedi-

225 1171 229 1179 ·
384 1141 494 1231 ¹cina,
519 1139 593 1216 uim
641 1137 740 1215 lancis
767 1137 829 1216 illit
846 1139 883 1216 in
900 1138 984 1214 locis
1007 1139 1236 1216 crescentibus
1259 1137 1368 1218 finem
1384 1139 1539 1218 babuisse
1560 1139 1608 1215 vi-

398 1237 498 1336 deo,
522 1261 589 1349 que
613 1162 658 1312 de
676 1263 742 1328 re,
768 1261 809 1312 ac
836 1238 882 1313 de
902 1235 967 1313 isto
994 1261 1074 1312 mea
1096 1237 1194 1314 causa
1214 1239 1371 1338 suscepto
1388 1241 1528 1333 labore,
1550 1238 1608 1314 tibi

383 1364 466 1440 ego
497 1337 681 1434 plunmum
712 1337 799 1410 dum
827 1336 947 1410 vivam
975 1336 1142 1434 debebo,
1186 1338 1416 1439 maximeque
1439 1361 1533 1413 nunc
1549 1337 1606 1412 tibi

399 1445 496 1518 eme
522 1433 664 1535 agendae
679 1432 755 1511 sunt
773 1433 910 1548 gratia,
939 1453 1176 1532 perpetuoque
1189 1433 1368 1513 habende.
1418 1433 1608 1534 Disputatio

397 1541 485 1614 verb
510 1537 530 1611 fa
551 1555 588 1609 te
616 1534 662 1610 de
680 1533 882 1647 limphcium
900 1533 1264 1626 medicamentorum,
1290 1535 1387 1609 dubii
1408 1533 1535 1632 ab'quid
1551 1556 1617 1630 pe-⁴

387 1660 461 1712 rnes
487 1627 619 1710 nostros
651 1635 808 1708 medicos
828 1631 1047 1721 habentium,
1066 1631 1199 1708 ratione
1211 1633 1405 1731 proposita,
1428 1631 1609 1745 dignilbma

398 1727 477 1810 sane
504 1731 661 1824 videtur,
685 1755 758 1832 quse
781 1735 802 1806 l
823 1730 921 1806 nobis
942 1729 1184 1827 perpendatur.
1235 1729 1320 1808 Hoc
1342 1752 1465 1807 tamen
1479 1753 1514 1804 ur
1530 1753 1608 1826 prae·

397 1832 508 1924 sentia
525 1829 731 1908 'faciendum
754 1852 825 1904 non
850 1847 954 1925 puto:
980 1829 1060 1904 Sole
1084 1827 1179 1905 enim
1191 1829 1266 1928 jam
1280 1829 1324 1904 ad
1340 1827 1537 1928 Antipodes
1551 1827 1606 1900 de-

397 1931 616 2020 scendente,
652 1949 775 2026 parum
808 1928 906 2027 hujus
934 1925 1007 2002 diei
1039 1927 1138 2004 nobis
1157 1924 1317 2024 superesi.
1369 1929 1606 2021 Quamobrem

397 2027 511 2108 sermo
536 2027 595 2104 hic
619 2027 656 2101 in
683 2025 773 2102 aliud
803 2047 940 2122 tempus
966 2025 1066 2102 nobis
1095 2025 1411 2119 accommodatius,
1436 2024 1608 2100 remitten-

398 2127 462 2208 dus
506 2123 567 2204 est.
617 2123 762 2200 interim
789 2121 1015 2237 nosmetipsps
1027 2123 1209 2237 paululum
1238 2127 1258 2198 l
1283 2123 1404 2202 labore
1429 2118 1607 2199 laxabimus

244 2260 250 2270 ·
399 2226 525 2330 quietis
541 2247 584 2300 ac
600 2223 663 2300 otii
673 2223 915 2321 aliquantulum
930 2245 1053 2298 numus
1074 2223 1318 2296 concedentes.
1333 2218 1608 2318 Quamprimum

398 2331 522 2504 limi
539 2343 685 2498 sssslll‘
711 2321 985 2497 biblii
1002 2319 1309 2518 llbsnlss
1319 2315 1606 2495 ffldlffi’

459 2451 497 2502 ιιι
683 2479 694 2514 ,
1592 2467 1601 2484 .

399 2521 561 2604 ALPlN.
588 2522 641 2597 lta
656 2519 784 2596 faciam
809 2575 820 2612 ,
844 2518 904 2593 sed
922 2444 1107 2618 antequim
1128 2539 1199 2592 nox
1215 2515 1369 2616 ingruat,
1395 2541 1455 2594 me
1474 2516 1614 2591 domum'

398 2620 514 2698 redire
528 2617 709 2696 consultius
727 2616 789 2694 est.
827 2617 916 2692 Vale
931 2637 1033 2716 atque
1049 2639 1130 2710 me,
1144 2636 1182 2690 ut
1200 2611 1305 2708 soles,
1321 2633 1451 2694 amato.
1477 2608 1604 2690 Gtuu

399 2719 476 2796 Ubi
497 2741 640 2794 mecum
664 2739 805 2792 manere
835 2721 906 2792 non
919 2713 972 2792 est
988 2713 1143 2804 animus,
1167 2733 1206 2788 ut
1226 2713 1340 2804 lubet,
1364 2713 1449 2790 hinc
1465 2705 1605 2786 discede.

394 2815 545 2909 interim
568 2813 640 2890 mei
664 2814 800 2912 semper
827 2812 901 2890 esto
919 2838 1079 2906 memor,
1103 2811 1233 2910 tibique
1259 2835 1318 2885 me
1348 2807 1419 2886 else
1437 2802 1606 2885 addidiffi·

400 2907 517 3012 tium,
541 2933 644 3016 atque
663 2913 715 2996 tui
734 2907 1081 3006 obseivautilfimum,
1104 2907 1189 2988 scias
1207 2907 1333 3016 velim,
1359 2908 1373 2984 i
1389 2909 1481 2988 felin
