3582 4584
413 367 537 468 ἧός·
593 470 595 474 .
793 335 1284 468 .·..'‘Jraa›ds‘½]ttigitl

420 547 484 626 sibi
503 540 676 624 facum'e.
720 544 819 621 &Nam
838 547 944 621 veluti
963 547 1141 644 proposito
1153 549 1228 644 jani
1241 535 1403 635 indicio,
1433 545 1536 642 juxta
1552 565 1627 622 cun

423 651 499 723 aliis
514 648 727 744 lacrymatio,
752 645 970 743 resrnosrsque
984 647 1108 736 succis,
1136 654 1180 717 ab
1207 647 1361 718 oleorum
1385 640 1523 718 mistura
1544 646 1626 717 inta-

334 774 335 784 ’
423 746 517 821 dium
547 746 582 821 se
603 744 815 838 convincit,
851 745 899 817 ita
922 744 1015 818 latiis
1039 741 1305 818 condensatione
1327 742 1501 840 propriam
1525 743 1627 841 magia
1760 787 1761 800 ,

422 864 608 935 naturam,
641 845 860 940 indolemque
891 840 1097 918 manifestat.
1149 837 1238 914 Hac
1256 845 1348 914 aero
1375 841 1631 929 condensatio,

352 951 356 960 '
423 965 492 1017 non
511 943 556 1018 de
569 940 806 1041 coagulatione
825 937 960 1038 proprie
978 937 1179 1036 accipienda
1195 935 1265 1028 est,
1291 961 1357 1034 qua
1374 940 1427 1011 lac
1442 963 1506 1034 per
1524 939 1633 1013 adrni-

425 1039 466 1116 sti
481 1041 613 1138 coaguli
633 1037 853 1138 particulam,
879 1037 983 1111 veluti
1000 1037 1079 1134 gelu
1102 1035 1255 1110 vindam
1275 1036 1381 1110 haret
1403 1089 1415 1123 ,
1448 1037 1632 1135 'figiturque

425 1157 537 1212 totum
548 1169 557 1232 3
570 1138 625 1210 sed
638 1139 682 1210 de
692 1136 882 1233 spillatione
893 1136 931 1210 δι
941 1135 1206 1210 condensatione
1216 1133 1361 1232 partium
1374 1130 1637 1230 peropportu-

422 1237 518 1311 samo
533 1234 769 1310 concrescenti
785 1237 1068 1330 propinquarum,
1080 1255 1189 1330 quam
1204 1256 1290 1306 cum
1306 1229 1475 1328 Prospero
1491 1236 1630 1328 Alpino,

425 1334 587 1422 debilem,
597 1333 901 1432 imperfectamque
910 1332 1185 1429 coagulationem
1194 1331 1283 1403 haud
1290 1330 1464 1406 immeritd
1478 1332 1624 1404 nomina-

424 1455 464 1506 re
483 1431 574 1506 libet.
585 1431 755 1530 Equidem
767 1429 1043 1526 compactionem
1053 1429 1235 1525 illamqua
1244 1429 1376 1524 coaguli
1383 1428 1626 1504 facultatemae·

424 1551 545 1627 quaret
563 1585 574 1620 ‚
600 1531 706 1605 etiam
726 1524 761 1603 in
774 1529 910 1602 recenti
921 1525 1127 1616 admodum,
1141 1526 1341 1624 optimoque
1351 1524 1489 1601 balsami
1506 1527 1635 1624 liquore

425 1651 597 1724 nunquam
615 1628 712 1702 laclia
730 1627 974 1723 experimentis
997 1625 1167 1722 cognovi,
1192 1625 1346 1722 quamvis
1367 1626 1464 1698 haud·
1474 1627 1632 1723 exiguam

425 1725 520 1798 latta
534 1727 732 1824 portionem
754 1745 906 1822 cogeret.
959 1725 1036 1797 Nec
1055 1743 1213 1797 veterum
1229 1721 1408 1822 quisquam
1430 1722 1531 1796 hanc
1556 1747 1635 1798 coa·
1760 1793 1761 1812 ,

427 1824 494 1922 guli
509 1825 710 1922 energiam,
730 1823 956 1920 opobalsamo
976 1821 1150 1896 literarum
1174 1822 1410 1895 monumentis
1429 1822 1634 1913 tribuimur

426 1923 515 1997 ratio
533 1923 709 2020 assignavit
723 1923 798 1994 ulla.
846 1917 1042 2009 Quomodo
1069 1916 1164 1991 enim
1189 1943 1289 2014 pares
1312 1919 1458 1993 afferant
1480 1923 1631 2018 complu·

451 2021 533 2093 endi
549 2019 663 2108 vires,
681 2041 760 2115 :quae
776 2037 848 2090 tam
863 2016 1022 2090 diffiniilis
1043 2013 1118 2089 sunt
1135 2031 1285 2091 naturae?
1311 2015 1473 2092 Miscetur
1484 2019 1631 2094 enimla⁴

425 2047 471 2192 {li
491 2119 669 2215 coagulum
695 2115 969 2213 promptissrmd,
992 2133 1121 2211 utpote
1140 2115 1256 2188 eidem
1283 2115 1568 2216 lromogeneunr‚
1598 2118 1634 2193 dt

425 2213 608 2289 Aristotele
624 2237 757 2314 quoque
777 2214 933 2303 finitore,
962 2215 1055 2286 calae
1073 2217 1151 2319 ἕχον
1169 2225 1194 2286 ἐν
1216 2225 1316 2309 luvra
1334 2227 1412 2314 alp,
1435 2215 1487 2287 lac
1505 2215 1633 2290 habens

426 2313 462 2386 in
480 2311 513 2386 se
528 2315 655 2412 ignem.
705 2316 822 2414 ltaque
841 2309 937 2387 ladio
950 2311 1153 2385 facillimum
1175 2309 1253 2402 est,
1288 2335 1372 2385 cum-
1391 2313 1456 2386 sale
1475 2313 1635 2388 subtilat*

426 2435 504 2500 rno,
531 2411 712 2508 spirituque
733 2425 867 2506 πηκτικῷ
884 2407 1087 2484 familiarem
1105 2410 1164 2483 libi
1183 2407 1401 2485 substantiam
1410 2435 1540 2509 quaqua
1559 2437 1632 2486 ver·

432 2509 508 2584 surn
531 2529 731 2605 penetrent,
758 2501 903 2606 eanlque
926 2508 986 2581 srbi
1009 2507 1145 2605 alligent
1162 2509 1330 2605 undique,
1388 2559 1393 2567 -

506 2657 510 2670 ,
726 2641 819 2662 ·-··
846 2625 882 2681 or
898 2607 1212 2705 liquefaaatoagulr
1226 2611 1360 2682 durent.¹

424 2707 474 2779 At
494 2703 562 2780 n'on
579 2729 620 2780 ea
638 2700 826 2780 balsamicae
843 2707 962 2806 resanat
981 2703 1136 2778 conditio
1158 2701 1227 2793 est,
1252 2727 1324 2802 quae
1339 2705 1491 2803 pinguis,
1509 2703 1634 2780 &aln-

427 2827 465 2894 a,
492 2803 572 2878 nihil
592 2805 709 2902 -magis'
726 2807 827 2902 quim
843 2823 959 2876 rerum
980 2823 1164 2899 aquearum
1185 2803 1383 2902 conjugium
1412 2803 1631 2899 aspernatur:

391 2991 393 2996 y
426 2902 681 3000 adeoque'lacli
693 2901 891 2976 -comminds
906 2899 1084 2992 instillata,
1109 2923 1179 2974 non
1197 2901 1242 2974 illi
1261 2900 1302 2974 se.
1316 2903 1438 2978 miscet
1456 2932 1467 2998 ;
1504 2901 1563 2976 sed
1579 2925 1635 2976 ce

425 3003 487 3078 leri
503 3019 601 3076 motu
616 3024 679 3097 per
690 3001 859 3076 summum
876 3002 948 3098 ejus
957 2997 1138 3096 explicita,
1149 3017 1289 3074 tenuent
1304 3001 1410 3074 veluti
1424 2995 1459 3074 in
1470 3001 1577 3074 telam
1587 3002 1635 3073 di-

430 3099 593 3190 ducitur,
617 3119 758 3197 tumque
776 3098 900 3194 partim
928 3097 1043 3196 frigidi
1068 3097 1262 3188 concalui,
1299 3100 1431 3195 partim
1454 3098 1637 3174 exhalante
1760 3171 1761 3176 ,

384 3206 387 3213 ’
429 3202 574 3293 repente
595 3197 712 3294 spiritu
735 3197 935 3288 debilitata,
959 3195 1083 3294 srquid
1101 3196 1240 3302 roboris*
1248 3195 1420 3292 superest,
1445 3221 1513 3294 quo
1525 3220 1636 3296 cogat,

431 3314 491 3368 aut
511 3295 655 3385 denset,
686 3295 725 3370 in
742 3295 948 3393 propinquis
964 3293 1024 3370 fibi
1050 3289 1291 3390 laclisfparter
1304 3296 1438 3369 tan'urnr
1466 3295 1635 3370 diffundit

430 3392 553 3488 Neque
571 3391 803 3492 adstringendi
819 3393 989 3482 facultas,
1016 3389 1164 3489 subqua
1185 3393 1416 3468 concretionis
1432 3414 1540 3488 opera
1567 3389 1635 3491 plu-

430 3489 555 3564 rimum
574 3491 730 3585 proficit,
756 3493 956 3591 singularem
972 3490 1006 3565 in
1024 3489 1259 3586 Opobalsamo
1279 3495 1402 3588 ἐξοχῐιό
1415 3491 1551 3592 sorum
1565 3489 1637 3582 est,

431 3613 535 3764 {quam
567 3585 702 3686 optimo
731 3587 879 3666 illinon
912 3591 972 3666 niss
1007 3587 1222 3664 mediocrem
1256 3587 1475 3666 Dioscorides
1518 3589 1639 3666 adscri-

456 3709 493 3764 rt.

481 3784 650 3876 Accedit,
665 3785 830 3859 eundem
846 3785 1004 3880 usurpare
1023 3787 1170 3863 verbum
1185 3789 1351 3884 elymais,
1376 3785 1431 3862 cui
1448 3789 1637 3886 optinuere-

434 3889 579 3984 spondet
594 3893 784 3970 'Arabicum
802 3889 881 3966 illud
908 3880 1063 3977 dle-*pit
1097 3887 1209 3996 eoque
1230 3921 1299 3972 non
1324 3895 1523 3992 simpliciter
1541 3899 1636 3990 ellp-

431 3998 763 4100 ¹ntrutlfrndopaguli
779 4001 882 4078 instar
903 4003 1105 4098 congelare;
1130 4003 1191 4077 sed
1207 4004 1334 4080 latioris
1348 4000 1526 4099 significati
1545 4024 1638 4170 coqn-
