3566 4596
509 331 765 446 opobalsami
788 335 986 428 Vindice.
1271 305 1349 448 ‚23¹3

170 550 286 614 entem
306 553 370 630 per
392 529 550 620 uiseret,
576 553 656 605 cum
682 532 777 629 spero
804 536 911 610 aleret
927 550 1086 626 certant,
1112 549 1170 610 nrt
1191 531 1353 610 divitibus

136 557 180 708 se
201 631 320 706 amicis
351 723 354 730 .
378 653 496 718 urum,
520 646 579 702 aut
597 626 711 704 hostes
738 631 971 727 superaturum
993 632 1127 708 incastis
1148 657 1255 731 opum
1276 633 1353 708 the-

135 731 247 806 sauris
264 729 428 804 celebres.
477 728 556 802 Nec
569 748 655 802 voto
679 749 795 804 tamen
811 733 939 827 potitus
956 731 1087 824 Caesar,
1112 757 1215 830 quum
1227 733 1353 829 Sylaeus

140 831 387 906 Nabataeorum
404 828 558 926 legatus,
581 827 719 923 patria,
743 829 951 927 propriisque
969 835 1071 906 rebus
1092 829 1256 919 studens,
1282 831 1353 902 Ae·

141 927 228 1002 lium
246 951 309 1023 per
330 928 491 1024 ambages
511 925 678 1016 duceret,
703 945 805 1024 atque
824 930 972 1026 bpraeda
991 953 1096 1026 quam
1121 929 1274 1004 inhiabat
1293 931 1354 1004 ab·

132 1027 298 1122 duceret.
348 1025 471 1100 Strabo
491 1023 619 1098 incolas
636 1034 762 1122 pipare·
780 1025 900 1114 iisne,
923 1046 1066 1125 gentem
1084 1014 1352 1101 maximam-nun

87 1129 92 1142 '
137 1121 264 1224 injuria
283 1122 475 1220 appellavit.
525 1120 697 1220 Equidem
713 1142 835 1198 ruente
850 1125 924 1222 jam
943 1124 1100 1198 molesua
1115 1124 1352 1201 Romanorum

111 1218 1187 1398 ·ipsust-s”Asihftiibsssslssitistis
1195 1243 1353 1396 ’riis

136 1418 327 1516 fligarunt,
353 1375 508 1508 irenem,
533 1415 573 1490 ἃ
590 1345 792 1493 Heracliitm
816 1344 949 1492 tributi)
966 1418 1025 1493 fibi
1051 1346 1212 1515 pendisee
1227 1345 1354 1519 cogge-

137 1535 249 1608 runt‚
275 1538 354 1590 cum
372 1513 495 1612 Syria,
521 1511 561 1588 ἃ
581 1511 755 1590 Pataestma
782 1517 927 1612 primb,
953 1516 1034 1590 hinc
1057 1516 1224 1606 Perside,
1251 1538 1352 1616 atque

137 1617 306 1713 Aegypto
319 1612 526 1708 potirentur,
571 1612 641 1690 Sub
656 1613 800 1687 Abdalla
816 1613 918 1687 Duce
935 1615 1062 1690 Asricae
1077 1614 1269 1705 maritima,
1291 1617 1350 1692 sub

135 1713 250 1788 Muza
267 1710 467 1808 Hispaniam
486 1711 689 1802 domamur,
714 1711 773 1786 vix
790 1711 924 1810 integro
945 1711 1058 1788 seculo
1078 1713 1209 1810 magnis
1233 1713 1369 1806 triurn-¹

130 1811 218 1912 phis
234 1810 381 1906 Europae
397 1808 559 1884 universae
580 1807 823 1886 formidabiles.
856 1811 1029 1902 Quamvis
1052 1831 1168 1885 autern
1181 1810 1353 1890 Turnum-

135 1913 225 2008 bejo
245 1907 364 1982 ultimo
382 1907 535 2007 Aegypti
554 1962 565 1998 ,
590 1906 762 2007 Syriaque
780 1931 863 2006 rege
889 1909 1056 1987 nsebmo
1075 1909 1268 1984 Turcarum
1286 1907 1352 1982 im·
1477 1987 1480 1998 ¹

133 2026 301 2107 peratore
318 2007 451 2097 deleto,
475 2007 610 2082 Arabes
624 2031 758 2104 quoque
779 2006 837 2082 sub
855 2007 1004 2083 validam
1026 2008 1099 2105 ejus
1115 2030 1256 2092 manum
1268 2029 1352 2082 con·

133 2103 323 2200 cesserint,
346 2105 498 2179 retinent
528 2123 646 2178 tamen
674 2105 801 2178 exirnia
830 2105 946 2199 priscae
971 2105 1104 2179 virtutis
1130 2105 1350 2182 documenta.

132 2203 306 2290 ‚Duodeni
328 2201 408 2276 anni
424 2201 525 2290 sunt,
561 2223 606 2273 ex
626 2223 693 2298 quo
717 2198 939 2293 insatiabilem
959 2224 1143 2300 protegum
1171 2201 1351 2277 avaritiam

134 2302 398 2399 exosr,·jugtun
414 2297 626 2372 Thracicum
648 2317 814 2372 excutere
838 2298 1086 2394 sustinerunt,
1112 2300 1181 2391 bis,
1207 2300 1289 2374 dum
1313 2301 1350 2376 iu

137 2405 304 2500 Aegypto
330 2393 574 2495 persisterem,
597 2391 717 2470 frustra
748 2396 837 2492 bello
855 2395 967 2492 petiti.
1018 2396 1242 2472 Poliederunt
1266 2397 1350 2472 olim

136 2519 335 2574 aromatum
358 2493 582 2592 pretiosontm
610 2518 715 2570 omne
740 2517 875 2592 genus,
900 2495 1015 2571 sedulo
1042 2521 1121 2570 cunr
1150 2495 1349 2594 propinquis

135 2597 252 2687 ludis,
275 2593 554 2690 &Aethiopibus
570 2593 793 2669 commercio.
843 2591 1054 2670 Potiffimiun
1079 2613 1195 2670 autem
1223 2595 1350 2670 odora-

138 2697 183 2768 tis
197 2695 233 2764 in
252 2691 273 2762 s
290 2692 372 2780 lvis,
397 2693 559 2782 collibus,
583 2691 820 2789 montibusque
834 2691 995 2790 propriis,
1022 2691 1218 2791 Myrrham,
1243 2713 1277 2767 at
1325 2717 1345 2769 e
1417 2731 1420 2738 ·
1476 2725 1478 2730 ·

96 2846 99 2854 ·
137 2814 184 2870 ex
211 2718 336 2862 casem
354 2785 493 2860 contusa
507 2788 644 2865 modice
658 2790 839 2864 stillantem
858 2790 1050 2888 liquorem,
1076 2789 1276 2866 veteribusi
1301 2796 1345 2866 eb

136 2884 280 2966 Staiien
296 2881 436 2960 ditium.
485 2886 645 2960 Manimb
665 2888 881 2980 Olibanum,
916 2891 1010 2988 cujus
1030 2889 1159 2984 primos
1191 2889 1348 2962 omnium

137 2995 271 3070 Arabes
285 2991 540 3066 commercitun
569 2991 687 3067 secisse
711 2995 818 3070 refert
839 2995 988 3086 Plinius,
1013 3014 1087 3070 tum
1114 2982 1346 3074 oba-A-‚r

136 3099 258 3178 Balsan
285 3097 363 3195 ipsis
388 3097 513 3174 diiiam
536 3101 714 3196 plantam,
747 3099 881 3178 Grecis
905 3100 1121 3200 scriptoribus
1141 3101 1314 3196 biscopo
1330 3123 1349 3190 ¹,

135 3195 395 3276 Baianum&
409 3221 506 3274 exea
515 3197 692 3274 collesiam
711 3197 1347 3298 smgularissuavitatisrefinam,quaru

134 3295 316 3384 uhu-Ad
341 3325 464 3394 ω-μ
489 3306 604 3380 dohen
622 3304 735 3382 balsan
750 3305 948 3396 nominant,
969 3307 1099 3404 pingue
1121 3301 1202 3400 quid
1219 3305 1346 3378 exbal-

134 3413 251 3501 samo,
275 3415 425 3500 lentum,
448 3408 631 3511 inungique
650 3435 768 3509 aptum
785 3413 978 3487 innuentes.
1014 3410 1132 3488 Graeci
1150 3409 1349 3510 srmpliciter

133 3512 416 3600 Ὀποβάλσαμω,
441 3507 711 3607 Opobalsamunr
727 3527 986 3606 nuncuparunt,
1010 3509 1081 3584 srve
1104 3509 1249 3585 Balsami
1272 3507 1348 3580 suc-

136 3631 238 3698 cum,
261 3605 437 3683 vocabulis
453 3603 617 3703 deinceps
633 3612 653 3684 b
671 3609 804 3684 Latinis
820 3607 973 3682 retentis
1023 3606 1200 3700 Nascitur,
1224 3605 1346 3682 non-in

136 3717 301 3802 nepesine
327 3704 507 3780 maritimis
533 3725 695 3798 tantum,
724 3727 763 3780 ur
791 3707 915 3782 Strabo
939 3703 1121 3804 prodidit3
1155 3702 1346 3790 sedetiam

136 3802 399 3882 mediterraneis
420 3859 431 3895 ,
457 3803 584 3895 editis,
619 3803 790 3904 planisque
816 3804 927 3899 locis,
960 3805 1031 3882 srne
1051 3805 1172 3895 cultu,
1199 3801 1242 3876 dt
1263 3821 1347 3876 cura

136 3902 317 3976 hominum
346 3903 620 4002 frequentiffima.
676 3903 961 3980 Ut'Larimnum
985 3924 1149 3990 taceam,
1186 3901 1351 3978 Straboni

140 4005 336 4083 nulium
352 4007 529 4102 θυμίαμα,
553 4001 786 4082 suffimentum
808 4003 1037 4080 suavissimum
1046 3997 1251 4104 ,herbasque
1266 3998 1347 4110 alias

814 4101 886 4201 Gg
1292 4119 1343 4172 rn-
