3566 4596
160 355 164 362 ’
293 371 462 456 vuosr.
514 367 672 452 annm.
725 359 796 446 nn
844 363 1021 449 amur.
1070 363 1286 450 norm
1336 367 1410 460 tte

500 695 585 782 De
605 692 871 806 Myrobalano
900 689 1092 780 chelub..

191 945 510 1122 Myrobalanos
532 941 555 1016 st
575 963 645 1016 non
662 939 827 1018 invenere
846 941 992 1042 primdm
1005 937 1142 1031 ,saltem
1162 935 1411 1014 vetustioribus·
1523 993 1527 1004 ,

326 1041 459 1118 Graecis
473 1039 691 1139 incognitos,
712 1041 859 1138 primum
887 1037 1063 1136 Europaeis
1089 1037 1327 1133 patefecerunt
1353 1037 1404 1112 A·

190 1144 312 1232 nabes,
335 1140 405 1215 srve
425 1163 485 1213 eos
501 1137 562 1234 ipsr
586 1137 811 1232 poffiderent,
837 1139 908 1214 five
925 1133 1059 1210 aliunde
1082 1133 1173 1209 fatto
1203 1159 1281 1210 cum
1306 1151 1404 1209 exte:
1531 1215 1538 1222 ,

189 1238 237 1312 rit
256 1239 469 1312 commercio
489 1239 702 1332 reciperent,
727 1236 880 1334 atquein
904 1233 999 1308 usum
1020 1232 1099 1306 artis
1125 1234 1273 1307 Medicae
1296 1255 1403 1307 tranr-

190 1335 334 1412 ferrent.
357 1399 361 1406 .
386 1336 459 1428 Qui
473 1335 668 1432 AEgyptum
687 1333 788 1409 hodie
805 1335 958 1408 incolunt
973 1333 1125 1418 ll‘rabes,
1141 1331 1218 1404 cum
1233 1332 1408 1405 aliismer-¹

191 1433 288 1508 cibus
308 1457 370 1530 per
396 1433 504 1508 smum
530 1429 701 1506 Persicum
730 1431 768 1507 δι
793 1431 1008 1529 Erythrarum
1031 1425 1218 1519 advettos,
1244 1433 1286 1504 ab
1310 1431 1404 1504 lndis

192 1531 428 1608 Orientalibus
447 1526 693 1604 nanciscuntur.
718 1543 721 1550 ’
743 1529 871 1604 Errant
888 1529 945 1626 qui
964 1548 1016 1602 tot
1033 1529 1406 1626 myrobalanorumge-

190 1651 276 1716 nera
294 1629 391 1702 unius
412 1631 539 1702 arboris
560 1624 686 1700 fruetus
717 1626 940 1700 arbitrantur..
958 1623 1130 1716 Quamvis
1148 1625 1239 1697 enirn
1261 1645 1333 1698 tarn
1353 1651 1406 1698 ar-

191 1729 320 1816 bores,
345 1730 454 1825 qulam
466 1723 677 1822 myrobalani
692 1724 753 1821 ipsr
769 1724 937 1814 habeant,
949 1747 1016 1822 quo
1035 1723 1149 1818 prunis
1170 1721 1408 1818 conferripos-

193 1823 278 1918 lint,
304 1825 425 1922 ingens
448 1821 618 1898 tamenin
638 1821 726 1896 soliis
744 1821 946 1912 discrimen,
971 1844 1049 1894 curn
1069 1819 1133 1892 alia
1154 1819 1275 1910 lauro,
1300 1821 1414 1918 persto

194 1945 240 1998 oo
256 1921 337 2011 alia,
363 1923 426 1998 alia
439 1919 550 2010 salici,
575 1919 741 2018 sorboque
761 1941 1013 2017 comparentur.
1065 1919 1135 1994 Sed
1152 1919 1301 2016 majore
1328 1941 1405 2015 my·

192 2019 610 2096 robdanis-Chebulorum
640 2015 833 2110 aestimatio,
858 2043 942 2114 quos
969 2015 1187 2114 dBisnagar,
1212 2016 1415 2112 Camboia,

193 2119 347 2214 Bengala
379 2116 504 2190 navitae
532 2115 740 2210 frequentitls
765 2115 951 2192 advehunt.
1015 2115 1153 2188 Horum
1180 2117 1338 2190 arborem
1369 2115 1406 2192 in

194 2217 311 2310 Cayro
330 2218 414 2288 urbe
432 2237 502 2286 non
520 2213 635 2308 procul
659 2216 678 2287 t
694 2213 775 2286 vico
792 2213 952 2302 Veneto,
976 2211 1104 2286 inBeii
1119 2211 1290 2310 cujusdam
1298 2213 1408 2288 Turci

194 2311 357 2387 viridario
374 2310 490 2406 sapitis
506 2310 656 2406 inspexi,
681 2333 783 2407 quem
802 2310 892 2383 horti
940 2307 1096 2383 raefetms
1111 2309 1213 2408 Dileg
1231 2312 1261 2384 el
1285 2310 1407 2385 chabul

194 2409 405 2484 nominabat.
456 2407 560 2481 Rami
579 2414 621 2484 ab
640 2429 684 2481 eo
701 2409 857 2504 decerpti
874 2333 1047 2520 effigiem,
1072 2411 1229 2485 accurate
1249 2407 1325 2481 satis
1345 2409 1409 2483 de-

194 2507 385 2596 lineatam,
411 2506 745 2602 ldccontemplerio..
790 2505 964 2580 Adolescrt
993 2525 1109 2578 autem
1136 2508 1237 2580 arbor
1257 2506 1409 2604 speciosa

196 2603 451 2715 magnitudine,
476 2627 592 2699 pruno
606 2605 735 2701 vulgati
756 2605 856 2702 longe
879 2601 1117 2700 conspettior,
1136 2605 1268 2688 cortice
1287 2603 1414 2682 lacui&-

196 2702 374 2800 palbdulo,
400 2701 544 2774 materia
560 2707 649 2776 verb
663 2701 812 2776 caudicis
831 2702 1000 2775 albicante
1014 2724 1102 2792 ,nec
1120 2699 1305 2776 insuaviter
1320 2703 1407 2778 odo·

195 2803 279 2874 rad.
330 2798 461 2872 Remos
493 2799 625 2873 exinde·
642 2801 786 2898 porrigit
808 2798 961 2888 densos,
985 2799 1198 2897 longitudine
1223 2824 1408 2896 proceros,

197 2897 241 2972 ad
259 2897 386 2972 flexum
411 2919 446 2970 ut
467 2894 718 2994 obsequentes,
737 2899 785 2972 stc
806 2919 926 2972 contra
943 2895 1015 2972 vim
1041 2916 1262 2970 externorum
1286 2922 1407 2976 contu-

197 3019 334 3088 maces,
360 2993 395 3068 in
429 2995 533 3069 latera
561 2995 673 3092 potitis
691 2994 835 3091 sparsos,
862 2999 963 3093 quam
981 2996 1015 3072 iu
1038 2993 1203 3076 directum
1229 3020 1408 3076 exeuntest

197 3091 311 3190 Spinis
330 3113 502 3165 armantur
518 3091 646 3190 longis,
670 3094 861 3189 peracutis,
886 3093 1012 3184 firmis,
1026 3093 1408 3192 perennantibus,quo·

196 3213 280 3274 rum·
292 3189 466 3264 horridum
486 3213 610 3288 agmen
626 3191 877 3288 adsrtapropitlt
897 3187 978 3266 solia
993 3191 1174 3288 plurimtint
1188 3194 1411 3270 obumbrant.

197 3285 335 3362 Horum
360 3293 459 3367 verb·
475 3287 555 3362 bina
579 3289 754 3362 communi
780 3289 908 3386 petiolo
935 3287 1115 3364 insidentia
1131 3292 1417 3388 conjunguntur..

201 3385 222 3458 l
238 3383 380 3481 pressula
394 3385 604 3460 rotunditate
627 3385 775 3462 obtusuis
795 3385 1008 3478 acuminata,
1033 3387 1120 3462 nibil
1138 3385 1280 3462 Persice
1298 3385 1414 3481 soliis,

201 3479 290 3656 gua
324 3484 427 3583 vulgo
454 3483 610 3558 chebulis
629 3484 836 3583 tribuuntur)
860 3481 975 3581 figurae
1000 3483 1209 3584 cognatione
1235 3483 1412 3566 devindta.

220 3579 391 3656 raffitudo
409 3583 540 3656 illorum
555 3581 740 3656 mediocris
757 3581 828 3672 est,
852 3583 872 3656 ὲ
892 3581 1015 3678 quibus
1044 3609 1117 3680 quae
1136 3583 1412 3678 sttuinseriora,

198 3674 424 3773 superioribus
456 3679 609 3778 ejusdem
635 3681 721 3754 rami
745 3683 876 3779 majora
909 3679 1013 3776 sunt,
1046 3680 1180 3756 intadlis
1199 3681 1287 3774 oris,
1311 3682 1408 3760 secut

199 3778 302 3871 quim
318 3777 353 3850 in
373 3775 491 3872 Prnnis
516 3777 553 3858 dt
576 3778 794 3854 Armeniacir
809 3780 963 3870 obtinet,
988 3777 1093 3854 nullas
1107 3777 1266 3855 incisuras
1284 3781 1409 3854 admit-

203 3871 323 3962 tentia.
374 3873 516 3952 brunus
528 3875 690 3954 Chebulit
708 3875 835 3950 lndicis
852 3875 1035 3960 simillimus
1053 3861 1165 3954 existit
1178 3879 1324 3970 ,eximid
1338 3897 1413 3962 maz

203 3968 450 4067 guitudiue„b
467 3976 563 4054 tenui
579 3976 720 4052 cervice
741 3975 936 4150 angugrsum
955 3974 992 4052 in
1013 3997 1173 4054 ventrem
1191 3975 1416 4068 diutule&

845 4097 885 4146 ¹c
911 4095 930 4171 3
1365 4093 1412 4150 ex
