3566 4596
253 387 427 475 ruosn
470 384 628 466 ruunt
677 383 755 465 nn
796 355 974 462 rnmrj
1021 381 1230 479 morunt
1281 383 1351 476 ss,

136 595 261 658 notam
278 579 320 654 ab
339 577 413 652 lroc
426 557 673 671 AEgyptiorum
693 568 786 642 olere
804 563 892 640 serib
909 559 1013 638 testor
1039 561 1154 640 abeffe
1167 592 1189 656 3·
1204 585 1288 662 quos
1304 581 1352 637 ne

136 681 318 757 brafficam
333 673 474 775 quidem
486 673 532 744 ob
552 665 814 744 amaritudinem
840 660 1046 754 comedille,
1071 660 1149 736 satis
1178 683 1224 736 ex
1239 659 1351 735 Plinio

137 795 270 854 notum
279 772 342 851 est.
391 767 563 848 Caeterdm
580 766 696 862 planta
710 763 785 838 haec
802 763 846 836 ad
866 760 973 837 cubiti
990 759 1202 834 altitudinem
1226 757 1353 833 incres-

139 877 213 966 cit,
236 872 334 950 caule
353 869 511 944 tenuibus
528 862 674 962 rarisque
690 859 828 958 flagellis
846 859 963 936 oblita.
990 857 1089 932 Folia
1103 858 1195 934 circa
1209 858 1354 932 laterum

137 991 282 1048 exortus
301 968 512 1044 corniculato
533 963 684 1061 quodam
699 959 937 1072 additamento
955 976 1136 1032 recurvata
1155 955 1250 1047 sunt,
1271 978 1355 1052 quo-

137 1089 397 1242 ffllffl
411 1055 1359 1250 tumultuandi?llllllllllltlll

136 1261 318 1341 distinetur
333 1259 393 1338 est.
444 1257 628 1336 Ferculum
641 1279 686 1332 en
702 1253 849 1330 decodia
869 1249 1044 1328 Melocbia
1064 1269 1221 1350 paratum
1246 1250 1368 1325 omni·-
1462 1249 1466 1260 '

137 1367 186 1438 nb
208 1364 375 1460 plebeum
389 1357 495 1457 sapit,
518 1354 713 1445 vileidum,
736 1349 846 1452 gustui
867 1350 1027 1441 fatuum,
1052 1350 1114 1428 niu
1133 1351 1279 1426 dmulto
1302 1349 1358 1450 (ut
1500 1355 1504 1364 '

138 1458 248 1560 solet)
266 1459 432 1534 umanum
450 1455 553 1532 succo
572 1453 834 1528 condimentum
853 1447 1020 1527 accedat,

532 1664 611 1742 Ca
637 1687 659 1738 a
686 1687 712 1736 u
736 1685 760 1734 a
809 1657 969 1738 XXIX.
1080 1707 1086 1720 ·

544 1835 621 1924 De
650 1834 794 1924 Zatar
829 1833 971 1920 luendi,

144 2061 227 2228 Z
239 2049 401 2128 atarendi¹
414 2049 473 2127 vel
482 2045 598 2146 potiris
612 2048 719 2122 Zatar
732 2043 874 2138 Hendi,
885 2045 1079 2146 Origanum
1096 2039 1253 2122 Indicum
1271 2043 1363 2141 apud

228 2199 232 2206 -
254 2151 388 2226 Arabes
409 2147 575 2237 denotat,
589 2144 787 2220 non-mimis
798 2146 942 2220 odoram
958 2149 1005 2220 ob
1030 2143 1362 2240 suavitatemquln

142 2248 270 2324 virium
285 2245 512 2346 praestantiam
535 2267 614 2318 curu
627 2241 803 2342 AEgyptiis
818 2261 892 2316 tum
919 2243 1012 2341 Syris
1025 2241 1208 2340 plurimum
1228 2241 1363 2352 expeti·

143 2365 228 2424 turn.
265 2344 337 2420 liffi
362 2344 432 2417 'em
446 2344 519 2440 ejus
537 2340 722 2440 genuinam
742 2341 931 2438 Alpinianae
951 2341 1031 2416 huic
1047 2340 1250 2440 subjungere
1268 2339 1364 2432 libet,

143 2467 188 2519 ex
209 2445 315 2519 horto
360 2437 536 2516 luibiffimi
551 2438 686 2514 Nicolai
703 2439 893 2516 Contareni
905 2439 1165 2553 depromptam:
1192 2461 1294 2536 quern
1310 2437 1363 2512 vi-
1427 2485 1434 2498 ·

144 2566 221 2617 rum
240 2540 266 2617 li
282 2537 502 2638 Reipublicae
516 2537 665 2613 Veneta
692 2538 819 2630 decus,
843 2537 974 2616 ordinis
991 2536 1180 2636 ampliffimi
1206 2536 1364 2634 splendo„

145 2664 246 2730 rem,
280 2636 436 2737 generosi
461 2629 652 2714 stemmatis
676 2655 920 2710 ornamentum
935 2641 963 2728 ,'
982 2635 1021 2714 ἃ
1046 2636 1223 2732 exemplar
1246 2633 1365 2734 prisca

146 2737 294 2812 Virtutis
331 2733 504 2824 dixerim,
542 2732 623 2808 nihil
658 2733 918 2832 incomparabili
952 2732 1106 2835 ejusdem
1141 2733 1362 2829 humanitati,

147 2835 375 3008 llllllll‘
390 2828 1364 3009 ¹¹¹tutatr⁰latlnunt⁸lr³,uirtuti

147 2959 194 3122 dl,
220 3029 371 3105 caulibus
395 3027 498 3102 rectis
516 3025 657 3126 satisque
676 3029 804 3107 firmis:
832 2958 926 3131 cuius
945 3032 1027 3107 solia
1045 2955 1208 3105 Agidaraci
1228 2956 1363 3115 hddiruf

149 3127 229 3204 dine
248 3127 395 3217 tenella,
419 3125 579 3224 mollique
598 3128 703 3201 veluti
720 3129 878 3241 lanugine
892 3129 1043 3228 respersa
1058 3127 1165 3204 milui
1182 3127 1379 3212 blandium,

147 3243 212 3303 tur.
262 3225 428 3300 Rotunda
440 3223 581 3321 quidem
600 3223 656 3299 illa
678 3223 778 3317 sunt,
802 3249 837 3301 rn
863 3251 988 3304 conum
1011 3249 1136 3304 tamen
1156 3227 1281 3302 leviter
1301 3250 1361 3302 co-

150 3323 294 3416 nstro,
304 3321 343 3398 dt
360 3322 618 3398 excurrentibus
636 3323 672 3396 in
692 3324 941 3423 longitudinem
957 3328 1052 3402 fibris
1066 3349 1144 3400 cum
1161 3325 1274 3400 virore
1274 3327 1362 3499 pal

149 3419 259 3496 lidula.
309 3419 479 3496 Flosculos
495 3420 655 3517 producit
664 3423 1064 3520 quamplurimos,niveo
1081 3425 1231 3499 caudore
1243 3425 1273 3498 la
1309 3422 1362 3499 es·

150 3541 301 3611 centes,
332 3519 390 3618 qui
413 3542 477 3616 per
500 3539 658 3594 extrema
683 3519 827 3596 caulium
847 3577 867 3614 ,
882 3523 972 3598 inter
996 3521 1176 3598 numerosa
1197 3522 1359 3600 foliorum

147 3619 293 3716 capitula
312 3617 516 3716 prominuli,
540 3617 679 3694 onitidis
705 3619 769 3695 Ori
795 3617 850 3694 ani
865 3623 1049 3698 umbellam
1074 3623 1266 3721 glomerato
1284 3645 1358 3696 am-

149 3717 222 3792 bitu
236 3717 490 3815 propemodum
505 3715 714 3813 expandunt.
762 3644 840 3814 farn
860 3722 959 3796 Satar
972 3723 1077 3798 hendi
1096 3721 1182 3814 hoc,
1207 3722 1358 3818 linguam
1429 3755 1431 3769 ·

148 3813 356 3912 gustantium
382 3813 567 3890 aromatici
593 3838 661 3890 nec
688 3813 872 3914 injucunda
909 3821 1095 3898 acrimonia
1117 3815 1366 3920 perstringens„

149 3913 323 3990 Creticum
346 3913 539 4027 origanum
563 3913 679 3998 odoris
702 3913 925 3994 vehementia
948 3917 1092 4018 superat.
1158 3921 1195 3996 ln
1219 3917 1357 4006 ,sonticis

151 4012 271 4112 eapitis
289 4011 502 4113 affantur,
541 4039 622 4097 cum
644 4013 798 4194 sensuupp
827 4017 1007 4122 motusque
1031 4015 1213 4100 voluntarii
1226 4017 1358 4188 nobsilet
1516 4033 1520 4044 ⁴

807 4141 872 4220 a3
1298 4137 1358 4190 un·
