3582 4584
496 309 979 442 Opobalfirmr'Vindr'ciae]
1251 315 1344 441 ἰδὲ

131 528 257 626 ptem,
281 539 532 626 quamcumque
547 521 852 621 compassionem,
877 524 1161 618 concretionem,
1188 526 1340 602 conden'·

132 625 373 723 sationemque
392 621 509 720 pallum
533 620 654 698 Greci
672 619 853 720 scriptores
874 625 1080 722 exprimunt.
1129 623 1341 722 Aristoteles,

133 735 201 804 sais
216 726 462 820 ricimirus,
487 721 566 824 qvo*
590 721 763 813 nostratis,
787 727 989 820 ripamaris,
1019 729 1037 806 ἢ
1060 724 1205 818 σκληρὸν,
1236 733 1342 797 ταῦτα

131 835 174 921 τῇ
192 825 280 912 πήξει
308 824 387 896 dnn.
435 815 529 894 Rem
553 839 696 896 omnem
720 870 733 902 ,
759 819 814 894 ‚ait
846 821 1142 911 determinatam,
1170 820 1214 896 ’ἃ
1233 820 1341 894 consr-

129 919 308 1010 stentem‚
332 936 391 992 aut
409 917 549 990 mollem
572 972 583 1007 ‚
617 935 675 990 aut
695 915 844 1008 duram,
879 919 1102 992 concretione
1127 917 1232 992 talem
1252 911 1338 994 else.

126 1019 294 1116 Cumque
315 1017 360 1089 de
375 1013 629 1112 particularibus
646 1012 757 1089 senno
775 1011 845 1104 est,
870 1017 1019 1112 πῆγιυθς
1036 1017 1071 1090 si
1084 1024 1160 1113 μέλι
1175 1018 1247 1098 &ati
1260 1017 1340 1090 sitla-

131 1133 230 1208 τρο,
253 1111 379 1210 spissari
402 1110 580 1186 densarive
598 1114 669 1186 mel
696 1116 740 1189 ab
768 1134 878 1210 aqua:
902 1113 1104 1209 ilnslpon
1131 1123 1260 1212 κέραμον
1281 1115 1340 1198 rsi-

129 1209 442 1314 pensitationem}
463 1217 556 1306 typi:
576 1208 714 1284 cottum
732 1209 837 1285 fissile
861 1209 1036 1309 compingi
1061 1231 1210 1287 exeunte
1228 1212 1340 1286 humi·

133 1317 194 1389 do.
211 1311 333 1388 Utitur
349 1307 477 1382 eodem
495 1305 704 1405 frequentius
720 1307 1002 1405 Theophrastus,
1035 1331 1181 1406 cumque
1198 1311 1244 1385 de
1261 1309 1343 1384 resr-

129 1411 225 1487 nosrs
244 1407 389 1505 loquitur
408 1402 610 1502 liquoribus,
634 1407 897 1498 noscentem,
923 1405 1057 1505 inquit,
1090 1407 1245 1482 omniurn
1270 1405 1341 1483 elle

131 1511 260 1585 boram
278 1513 306 1582 rs
327 1511 463 1598 inrupit,
489 1505 667 1608 quisset,
691 1503 879 1600 incisionis,
899 1501 1188 1579 &concretionis
1209 1534 1218 1580 :
1245 1507 1341 1602 copi-

132 1609 261 1684 srorem
281 1600 350 1677 effe
369 1599 453 1674 item
472 1599 603 1674 humidi
628 1601 782 1691 fluxum,
803 1603 842 1675 in
858 1601 923 1692 iia,
961 1599 1001 1674 ab
1016 1602 1242 1696 ἀυτὸματωνῆ
1262 1609 1344 1694 πῆξις

131 1725 283 1804 quorum
301 1699 423 1797 sponte
437 1694 848 1776 sastaestcondensatio.
897 1698 1060 1797 Denique
1087 1697 1179 1773 hunc
1203 1699 1341 1796 ipsum,

131 1805 182 1878 de
209 1823 277 1901 quo
296 1796 426 1898 agimus
443 1795 582 1874 balsami
603 1796 761 1889 succum,
785 1799 939 1888 Strabo,
962 1801 1193 1889 incaepisset·
1211 1805 1249 1875 ab
1265 1828 1344 1892 asy-

131 1895 876 2084 srttttilttlattttststl
894 1893 1342 2070 ‘astruitis
1382 2017 1384 2021 ψ

133 2093 278 2176 balsami
296 2109 410 2190 gutta,
434 2089 521 2163 mira
536 2091 590 2164 illa
610 2089 742 2187 coaguli
760 2090 815 2164 vis
833 2050 901 2164 nei
913 2091 974 2184 stt,
988 2113 1055 2164 nec
1072 2017 1343 2188 peristereqile.

133 2215 195 2286 at,
219 2213 285 2288 qua
302 2187 426 2264 subditi
438 2185 536 2259 lastis
554 2207 713 2284 magnam
757 2186 958 2271 tantitatem
977 2210 1083 2282 parva
1111 2189 1204 2263 mole
1233 2188 1362 2264 veluti'

134 2289 320 2388 congelat,
344 2303 445 2383 atque
465 2282 680 2360 immobilem
695 2307 722 2357 -e
761 2285 834 2374 it,
866 2305 936 2358 nec
957 2282 1198 2373 Dioscorides,
1239 2299 1350 2383 atque

134 2388 342 2475 Avicenna‚
367 2382 447 2482 quic
470 2383 638 2477 omacius
661 2381 826 2480 srgillatim
848 2381 1062 2479 exprimant,
1085 2381 1227 2459 nonest
1250 2383 1343 2481 quod

135 2486 307 2578 Plinium,
330 2483 437 2556 multa
478 2479 485 2494 '
528 2482 721 2576 α’κυρολίγως
768 2479 1000 2571 roferentem,
1026 2481 1070 2556 de
1087 2481 1342 2580 propritsrcdi·

136 2586 219 2674 ἕως
242 2577 467 2682 perfectoque
483 2579 683 2676 coagulandi
706 2597 728 2652 e'
754 2577 834 2652 estu
847 2579 1123 2692 interpretemur.

191 2679 338 2756 Causam
356 2675 631 2750 condensationis
651 2676 707 2772 qui
724 2697 955 2751 communiter
971 2679 1191 2774 expendunt,
1208 2681 1250 2755 ad
1264 2701 1343 2777 par·
1491 2763 1494 2770 λ

140 2779 231 2854 tium
250 2771 496 2858 lactisbalsami
518 2771 620 2846 succo
635 2772 860 2872 subjecianrm
878 2775 1172 2869 exsiccationem,
1195 2801 1277 2851 cum
1292 2781 1343 2850 A·

141 2873 295 2950 ristotele
313 2869 566 2966 respiciendum
582 2892 727 2946 monent
737 2929 748 2966 ,
774 2873 832 2972 qni
850 2874 934 2948 verb
954 2872 1151 2970 sanguinem
1167 2877 1261 2950 fibris
1286 2898 1344 2948 ca-

142 2991 303 3061 rentem,
328 2968 508 3065 §aspasii
522 2966 611 3041 luto
631 2975 799 3064 inpastus),
822 2995 894 3046 non
907 2971 1135 3046 concrescere
1144 2973 1229 3046 dicit
1242 3027 1252 3062 ,
1265 2973 1344 3067 quia

143 3094 217 3147 non
235 3069 394 3144 siccatur:
419 3065 597 3165 ipsumque
615 3067 760 3162 alpensis
778 3071 945 3164 ξηαίνιθς
968 3079 1032 3147 πῶς
1047 3127 1057 3162 ,
1072 3069 1346 3145 concretionem

141 3168 213 3244 elle
230 3164 497 3243 exsiccationem
516 3166 797 3276 quodammodo,
819 3168 893 3243 sive
914 3189 957 3242 ea
977 3167 1194 3244 manifest-am
1211 3165 1346 3243 humidi

142 3266 443 3363 consumptionem
463 3283 620 3354 excitet,
653 3264 724 3339 srve
744 3269 861 3348 danao
886 3269 1043 3340 anomala)
1059 3265 1098 3342 ἃ
1119 3265 1346 3364 impercepti-

144 3368 261 3444 bilem.
312 3361 435 3439 Efficit
451 3385 532 3435 eam
549 3380 621 3436 tarn
641 3365 761 3453 calor,
788 3387 891 3461 quam
919 3361 1036 3460 frigus.
1075 3365 1180 3439 Calor
1204 3365 1347 3461 quidem

144 3465 327 3538 humorem
352 3457 588 3555 absumend03
614 3459 719 3559 frigus
742 3463 894 3536 calorem
911 3460 1121 3555 expellendo
1144 3519 1155 3554 ,
1180 3485 1261 3537 cum
1275 3486 1346 3560 quo

145 3586 225 3660 pars
254 3557 386 3634 hinnidi
413 3557 555 3630 tenuior
570 3561 701 3653 pariter
734 3557 876 3632 facemt.
926 3559 1051 3656 Neque
1072 3558 1253 3636 obscurum
1275 3557 1347 3646 est,

147 3681 329 3756 utrumque
352 3655 512 3732 obtinere
527 3655 562 3729 in
589 3657 776 3731 balsamico
793 3659 943 3756 liquore,
966 3654 1023 3754 qui
1046 3659 1162 3733 calore
1187 3659 1246 3731 luo
1267 3676 1351 3751 por-

145 3759 279 3832 tionem
297 3754 394 3830 lassis
425 3755 620 3830 tenuiorem
646 3754 799 3847 discutit,
826 3756 1020 3854 eodemque
1037 3781 1121 3832 mox
1147 3754 1349 3850 exhalante,

148 3855 360 3954 praevalente
375 3857 447 3953 Jam
474 3851 602 3968 frigido
629 3853 789 3952 succoque
817 3857 1017 3943 elemento,
1050 3856 1352 3952 partem‘propin·

153 3977 255 4054 ‘quatu
275 3947 371 4032 tactis
389 3952 500 4052 cogit,
523 3952 699 4056 ipsumque
707 3953 834 4054 pariter
844 3952 1053 4125 1qolncrelcit.
1086 3949 1232 4048 Optime
1257 3953 1353 4066 Her3

191 4071 195 4081 ’
1229 4073 1349 4132 mettcr
