3544 4592
307 269 810 441 uu-rnnrirrs
859 343 1198 438 moreni.
1301 365 1371 452 a,

28 501 29 564 1
129 551 276 628 utem,
289 531 421 624 tollito,
447 531 651 630 dispnaeam,
676 527 868 628 pleuritim,
883 550 924 602 ac
939 524 1273 625 peripneumoniam3
1297 549 1368 610 non

144 637 328 733 minusque
344 631 493 732 ipsorum
509 631 696 706 decodlum
713 628 949 726 frequentatur
966 627 1011 701 ad
1026 625 1237 700 ad‘uvandas
1253 627 1366 700 vario-

144 737 257 811 larunr
277 731 443 829 inpueris
460 729 690 807 excretiones.
730 728 872 802 Vocant
889 729 1048 822 arborem
1109 721 1227 816 achel,
1253 721 1292 800 ἃ
1312 750 1367 800 ra-

146 859 248 912 mum
269 831 325 906 cui
342 831 480 930 appensi
502 827 578 902 sunt
598 826 724 926 dadyli
742 823 985 926 Samarrhich,
1010 819 1290 922 dadylorutnqne
1314 823 1367 901 in-

145 932 464 1021 volucnun,tdux,
489 919 531 1007 'ac
545 927 719 1026 dadlylum
737 945 900 1000 recenter
921 923 1064 997 enixum
1088 920 1222 1018 prorsus
1241 923 1366 996 imma·
1483 942 1485 946 ’

146 1052 263 1107 turum
280 1029 378 1118 talla,
403 1026 678 1125 &grandiorem
706 1024 837 1098 fastum
868 1022 945 1112 nin,
970 1019 1009 1096 ἃ
1029 1019 1162 1114 ramich
1180 1020 1370 1118 perfeffio-

145 1155 223 1204 rem
239 1129 314 1202 five
330 1128 428 1224 pene,
436 1143 638 1218 maturum,
669 1141 910 1224 maturumque
937 1119 1058 1224 bellan.¹
1108 1119 1228 1194 Siccos
1254 1141 1366 1195 matu-

147 1251 204 1302 ros
227 1227 360 1318 tamar',
384 1223 425 1300 ἃ
454 1224 512 1322 qui
537 1221 610 1300 fere
627 1221 755 1324 putridi
790 1219 866 1296 sunt
898 1223 1028 1311 rotob,
1062 1217 1210 1318 foliaque
1236 1221 1365 1311 arboris

143 1323 247 1404 Zaafi

446 1485 453 1494 Α
559 1513 951 1594 Cnruerll.

518 1761 521 1766 ·
610 1710 688 1796 De
718 1685 908 1821 Sebasten.
938 1739 943 1747 ·

148 1920 317 2003 Anum..
391 1915 533 1998 ebesten
552 1917 680 1995 arboris
696 1918 732 1992 in
745 1915 797 1992 AE
868 1935 906 1992 to
925 1913 1094 1992 nascentis
1112 1915 1239 2012 duplex
1256 1921 1387 2016 genus,

405 2016 592 2116 reperitur,
617 2017 761 2090 alterum
802 2013 949 2114 ylvestre
974 2039 1086 2114 pruno
1107 2014 1236 2108 simile,
1262 2037 1364 2118 atque

149 2113 381 2193 domesticum
412 2119 580 2205 alterum,
614 2112 703 2190 foliis
728 2114 930 2206 latioribus,
956 2112 1206 2192 ctaffioribusa
1225 2113 1368 2190 silvestri

149 2213 327 2292 differens.
376 2215 536 2312 Utraque
562 2216 662 2288 arbor
686 2213 788 2288 flores
809 2211 877 2287 fert
906 2214 1028 2304 albos,
1052 2236 1179 2310 paruos
1199 2269 1210 2302 ,
1233 2216 1367 2314 geranii

149 2312 350 2408 proximos,
375 2311 532 2410 aquibus
550 2309 677 2386 fruetus
696 2309 852 2386 crescunt
867 2311 982 2408 parvis
1006 2311 1122 2409 prunis
1141 2313 1365 2410 rotundisque

150 2409 303 2502 similes,
327 2433 471 2522 quorum
495 2410 608 2484 nuclei
640 2406 805 2484 tricostati
829 2430 1023 2485 cernuntur.
1081 2409 1140 2486 llla
1169 2413 1269 2484 arbor
1296 2411 1366 2486 fert

151 2505 278 2584 nouus
302 2531 484 2600 minores,
516 2509 612 2583 tarde
644 2526 944 2600 manuescentes,
986 2505 1259 2604 imperfeffiores
1302 2509 1365 2600 iis,

28 2691 30 2698 y
151 2627 235 2701 quos
252 2603 443 2680 domestica
458 2603 625 2719 Sebesten
649 2605 800 2704 profert,
824 2608 881 2702 qui
901 2603 976 2680 sunt
992 2605 1163 2702 majores,
1185 2605 1363 2683 meliores-

151 2697 1364 2913 artrrtrntuuuf‘lnpanlfl

150 2917 283 2973 viscum
313 2902 519 2992 conficiunt,
553 2925 680 2999 quippe
704 2897 871 2978 Sebesten
895 2923 1047 2978 maturos
1081 2905 1362 2996 contundentes:

149 3012 251 3095 atque
272 2999 438 3074 lavantes.
489 3000 576 3074 Sunt
595 2999 714 3097 aliqui,
738 2999 797 3098 qui
811 2997 1043 3092 masticando,
1073 3004 1213 3100 pulpam
1228 3009 1273 3080 ab
1289 3003 1361 3082 offe
1381 3003 1385 3010 ’
1427 3015 1431 3024 '

132 3090 261 3193 lingua
288 3095 515 3193 exspuentes,
538 3097 672 3174 viscum
695 3118 818 3194 parant
840 3128 851 3192 3
877 3101 1105 3198 quantitatem
1144 3100 1268 3176 horum
1288 3104 1361 3201 fru-

151 3188 310 3282 dluumiu
327 3193 408 3268 vase
423 3193 601 3286 colledtam
611 3220 749 3292 ,parum
757 3197 870 3294 quoad
886 3197 1196 3296 aqueahumiditas
1207 3201 1363 3282 absona-

135 3304 229 3380 .tur,
252 3292 442 3380 bullientes.
498 3293 602 3370 Visco
614 3315 752 3370 omntur
770 3319 891 3372 omnes
905 3295 1079 3396 emplastri
1094 3299 1201 3374 modo
1220 3301 1264 3376 ad
1284 3325 1361 3397 orn-

150 3405 223 3474 nes,
251 3387 433 3464 scirrhosos
452 3390 627 3468 tumores.
677 3391 753 3489 lpse
779 3393 920 3494 quidem
945 3394 1073 3470 calidus
1105 3396 1155 3474 est
1180 3397 1234 3478 in'.
1245 3400 1359 3498 primo

136 3486 277 3581 ¹gradu,
299 3507 418 3586 -atque
443 3487 601 3565 humidus
624 3489 659 3566 in
690 3493 842 3566 lecundo
865 3493 973 3586 „vim
1020 3517 1043 3570 e
1063 3495 1168 3572 habet
1198 3499 1361 3575 attradlo-

154 3581 256 3677 riam,
274 3588 561 3680 attenuatoriam‚
586 3589 626 3664 ἃ
650 3589 904 3690 resolventem3
939 3619 977 3668 re
992 3594 1077 3670 olvit
1099 3621 1220 3674 omnes
1247 3621 1362 3674 tumo-

155 3701 229 3776 res,
253 3681 590 3782 &emollitomnem
609 3689 781 3784 duritiem.
804 3691 917 3791 Aliqui
934 3693 978 3766 ad
1000 3693 1110 3768 tuffim
1130 3721 1175 3772 ex
1198 3721 1242 3772 eo
1261 3723 1360 3794 para-

156 3793 207 3852 tos
225 3784 320 3857 bolos
346 3807 425 3858 curn
446 3784 609 3863 saccharo
633 3775 801 3880 candido,
818 3785 866 3864 ,δι
887 3787 1011 3866 radicis
1029 3791 1193 3890 liquiritiae
1214 3797 1358 3891 pulvere

157 3879 263 3956 multis
289 3882 410 3958 diebus
440 3883 584 3959 sumunt.
635 3887 666 3962 F
666 3885 822 3964 sonuum
852 3886 927 3964 usus
954 3887 1221 3966 familiarissimus
1246 3891 1360 3968 estad

157 3975 276 4074 num,
295 3981 499 4079 dispnaeam,
523 3983 777 4084 ortlmpnaeam,
800 3987 991 4084 pleuritim,
1016 3989 1359 4163 ροτὶρηεωηοηῑαιηᾶ
