3518 4596
400 347 484 470 144
599 361 602 368 ’
726 347 798 468 Jo.
814 347 1016 468 Vestingir'
1039 349 1285 462 Paraeneses

402 546 470 624 tuit
495 550 728 654 contingere?
765 547 891 622 Nonne
922 546 1022 624 satim
1047 549 1112 625 fuit
1149 546 1376 626 AEmilianum
1420 547 1633 650 Scipionem

405 645 626 753 chartaginis
648 665 765 747 portat
783 645 893 723 herba
918 647 1145 745 patefacere,
1172 651 1274 746 quam
1297 648 1466 728 machinis
1486 674 1552 750 per
1573 667 1638 728 toa

407 768 517 823 annos
535 747 675 826 claustra
690 765 842 844 quatere.
868 745 1016 823 Causam
1041 747 1299 830 autemharum
1319 749 1544 824 traditionum
1562 773 1636 847 pe·

403 847 470 928 rite
492 844 661 946 subjungit
681 844 778 920 idern
796 867 912 920 rerum
930 865 1059 922 natura
1075 846 1236 943 scriptor,
1260 845 1318 937 dr,
1341 847 1466 922 mirum
1493 849 1542 922 ait
1577 846 1637 924 es-

362 955 365 962 ’
406 945 487 1035 set,
519 945 588 1019 huc
613 941 817 1042 proveetum
854 943 1071 1042 antiquorum
1100 945 1366 1037 credulitatem,
1398 945 1636 1022 saluberrimia

404 1042 511 1123 initiis
545 1063 680 1141 ortam3
712 1041 737 1118 li
766 1042 910 1118 modum
936 1043 1086 1118 humana
1124 1043 1263 1144 ingenia
1289 1041 1470 1120 novissent.
1520 1045 1637 1120 Nunc

407 1141 507 1220 omni
523 1141 559 1217 in
574 1166 634 1236 re,
658 1165 703 1216 ea
731 1142 925 1216 animorum
945 1142 1099 1216 conditio
1116 1140 1190 1234 est,
1215 1162 1253 1216 ut
1274 1143 1296 1216 a
1327 1141 1523 1218 necessariis
1547 1162 1638 1218 orta

406 1241 576 1342 primurn,
601 1239 725 1316 cuneta
740 1239 965 1336 pervenerint
980 1240 1026 1315 ad
1044 1239 1202 1316 nimium.
1254 1239 1430 1332 Galenus,
1455 1239 1547 1316 inter
1562 1264 1639 1317 ve.

408 1359 502 1416 teres
526 1340 579 1415 rei
609 1337 773 1414 herbariae
796 1337 916 1414 dodltu
964 1339 1067 1413 ariter
1089 1357 1124 1414 at
1148 1362 1192 1412 ue
1217 1361 1330 1436 aequur
1354 1340 1512 1431 arbiter,
1548 1339 1635 1414 An-
1754 1409 1755 1416 a

409 1439 537 1515 dratam
561 1435 735 1513 mendacii
763 1439 883 1536 arguit.
933 1363 1108 1534 Braecipue
1125 1363 1374 1549 {amphilum
1410 1459 1515 1536 quem
1531 1436 1635 1548 ,scri-

408 1557 508 1636 ptum
535 1538 580 1612 de
609 1534 764 1634 stirpibus
798 1534 1005 1626 tractatum,
1036 1537 1223 1634 nugacibus
1247 1534 1633 1627 transformatiombus,

409 1635 692 1726 incantamentis,
716 1633 923 1730 anilibusque
944 1632 1066 1712 fabulis
1084 1630 1274 1730 implevisse
1288 1633 1412 1711 refert:
1438 1633 1633 1733 praestigia-

409 1756 524 1810 torem
539 1729 654 1823 fuisse,¹
678 1731 717 1809 ἀ
736 1732 792 1806 cui
811 1733 950 1806 unicum
978 1731 1046 1805 hoc
1065 1727 1211 1806 studium
1236 1753 1331 1823 erat,
1362 1751 1400 1806 ut
1424 1732 1635 1828 portentosa

410 1833 593 1910 scribendo
618 1833 738 1928 vulgus
755 1829 955 1926 imperitum
971 1828 1007 1903 in
1026 1828 1076 1903 sui
1100 1830 1368 1904 admirationem
1389 1850 1634 1908 converteret.
1752 1885 1755 1896 r

410 1933 535 2030 Neque
552 1931 652 2004 aliam
671 1926 829 2002 existimo
848 1925 1013 2017 causam,
1037 1929 1129 2026 quod
1154 1925 1264 2002 Rufus
1288 1927 1481 2024 Ephesius,
1505 1927 1631 2004 Hera-

412 2031 520 2106 clides
537 2026 745 2103 Tarentinur
759 2081 769 2115 ,
784 2027 957 2101 Crataevar
971 2080 981 2115 ,
994 2026 1116 2124 aliique
1137 2025 1329 2101 nobilissimi
1344 2025 1523 2116 austeres,
1545 2049 1632 2122 pro-

413 2129 506 2228 digia
520 2125 574 2200 illa
598 2125 780 2199 herbarum
805 2122 936 2199 silentio
960 2124 1201 2220 praeterierint:
1233 2147 1277 2196 ne
1301 2147 1345 2198 ue
1372 2123 1571 2222 AEtbiopidi
1590 2147 1631 2198 a·

411 2227 484 2304 liud
501 2225 663 2299 attribuat
679 2220 920 2311 Dioscorides,
951 2245 1053 2320 quam
1078 2221 1199 2320 quibus
1222 2149 1372 2318 pedurio
1405 2223 1536 2298 morbis
1568 2246 1633 2297 au-

413 2326 533 2404 xilium
551 2321 692 2410 afferat,
716 2319 875 2418 quodque
896 2319 995 2394 Ischii
1015 2321 1171 2395 dolorem
1189 2320 1336 2418 mitiget.

464 2422 522 2497 De
548 2417 705 2494 balsamo
731 2438 849 2492 tamen
873 2417 1011 2512 perdito
1049 2417 1140 2515 quod
1174 2415 1350 2510 asserunt,
1376 2419 1508 2516 majore
1532 2415 1630 2508 fide,

348 2518 371 2596 l
412 2520 652 2616 rationumque
670 2516 856 2592 momentis
872 2512 1055 2589 ostendere
1073 2535 1252 2590 conantur.
1286 2517 1377 2591 Nam
1402 2515 1533 2590 cumin
1556 2511 1630 2588 Pa·

413 2613 541 2696 laestina
559 2617 692 2689 duobus
711 2633 844 2688 tanturn
862 2638 879 2687 r
925 2613 965 2688 iis
990 2614 1029 2688 in
1049 2614 1175 2703 hortis,
1201 2637 1328 2712 magno
1348 2611 1460 2688 studio
1483 2612 1627 2686 excole-

414 2709 1265 2906 all’llln‘lillllnlrlllllll?
1278 2711 1629 2885 n‘lll’ltlltl

313 2967 318 2972 -
414 2933 521 3001 rum,
553 2911 813 3004 Turcarumque
836 2905 960 2981 iterum
992 2907 1151 2983 maximis
1186 2908 1337 2984 cladibus
1368 2909 1506 2997 attrita,
1526 2910 1633 3006 juxta

416 3033 497 3085 cum
516 3009 623 3082 hortis
646 3008 777 3104 plantas
794 3003 923 3102 pariter
948 3005 1092 3080 Balsami
1114 3007 1244 3081 deletas
1271 3004 1368 3082 tuille
1399 3005 1632 3082 necessarium

416 3107 630 3184 arbitrantur.
691 3101 879 3200 Contigilse
895 3101 990 3177 idem
1012 3103 1191 3204 AEgypto,
1226 3127 1306 3180 curn
1331 3104 1632 3204 Tomumbejum,

416 3205 573 3281 ultimum
608 3202 706 3298 hujus
736 3201 922 3296 provincia
954 3225 1101 3300 regern,
1140 3202 1273 3294 Selim,
1308 3202 1497 3299 imperator
1529 3204 1629 3277 Tur·

417 3325 555 3393 carum,
570 3299 689 3398 insigni
705 3296 860 3374 facinore
885 3299 1030 3376 tolleret.
1059 3302 1291 3378 Cofirmarunt
1307 3301 1381 3375 haec
1403 3301 1552 3391 eadem,
1576 3299 1633 3375 in-

320 3409 321 3414 ’
416 3420 472 3477 ter
494 3401 587 3474 viror
602 3398 664 3473 scri
691 3397 732 3472 tis
750 3399 980 3490 celebriores,
1005 3398 1241 3496 Hieronymus
1261 3400 1463 3491 Cardanur,
1490 3401 1535 3474 ab
1558 3398 1632 3472 Au-

417 3497 633 3673 lallare*
646 3495 1632 3696 &tribalis,lintelllnlfflllla

413 3693 492 3768 'haec
513 3692 598 3767 tanti
610 3650 743 3766 inbonis
761 3692 861 3784 sunt,
887 3714 925 3768 ut
944 3693 1134 3772 balsamicae
1150 3697 1273 3791 plantae
1289 3693 1444 3790 speciem
1469 3696 1489 3769 ὲ
1514 3717 1632 3768 rerum

418 3812 540 3866 natura
576 3789 740 3865 sublatam
764 3791 939 3869 evincant.
990 3795 1082 3868 Nam
1111 3795 1185 3891 quia
1214 3792 1265 3867 rei
1295 3791 1469 3869 'herbariae
1498 3792 1632 3890 optime

417 3890 570 3988 peritur,
594 3889 718 3961 uallem
748 3885 944 3980 Palestinae,
970 3893 1065 3986 cujus
1090 3891 1265 3989 longitudo
1289 3891 1460 4004 triginta,
1485 3891 1632 3966 latitudo

419 3987 616 4086 quindecim
635 3985 829 4068 milliaribus
852 3987 1076 4088 terminatur,
1095 3987 1179 4066 'dattl
1195 3989 1275 4066 huic
1301 4013 1354 4067 rer
1369 3990 1524 4092 singulari
1546 4011 1631 4086 ope·

1577 4107 1631 4178 Β,
