3566 4596
420 385 501 473 228
860 378 1038 492 Joannis
1055 378 1261 496 Veslingt‘i

423 598 486 656 vet
528 575 747 680 cognoscere.
829 572 1039 650 Radiantem
1081 574 1182 676 igitur
1232 577 1282 650 in
1308 573 1455 674 gemmis
1502 593 1640 652 nature

424 675 642 776 majestatem
660 679 814 776 ignorat,
837 673 916 770 quia
939 697 1008 749 non
1031 675 1168 748 metalla
1189 693 1321 764 tanturn
1347 672 1545 772 montium3
1574 675 1634 749 secl

424 777 546 853 obvias
565 779 671 851 etiam
691 797 788 848 terrae
807 771 924 872 glebas
941 771 1085 848 lutetias
1102 772 1268 868 relinquit.
1318 771 1457 846 Enuce
1474 775 1636 848 nucleum
1763 767 1764 796 ¹

425 899 497 950 non
514 873 724 972 adipiscitur,
747 869 827 968 quia
841 867 998 969 frangere
1016 870 1190 967 putamina
1206 870 1322 970 piguit.
1372 869 1510 945 Eadem
1525 871 1639 946 infeli-

426 975 569 1049 citatem
587 971 685 1045 bonis
702 971 829 1044 artibus
843 966 992 1060 mvettit,
1017 968 1239 1044 dumtradita
1265 967 1438 1043 veteribus
1454 970 1637 1046 salubrium

425 1087 677 1178 preceptorum
692 1068 823 1143 semina
842 1069 986 1164 turpiter
1002 1066 1144 1162 abjicit,
1169 1085 1206 1138 ut
1225 1065 1398 1140 neccllum
1417 1068 1546 1144 deinde
1566 1069 1637 1158 lit,

426 1171 517 1244 inter
538 1165 683 1241 nitentia
701 1167 888 1264 priscorum
905 1167 1014 1254 culta,
1038 1163 1158 1239 infelix
1178 1165 1346 1240 dominari
1361 1166 1495 1258 lolium,
1522 1163 1636 1241 &ste
1764 1267 1765 1278 .

424 1267 505 1340 tiles
520 1286 658 1340 avenas.
682 1265 777 1342 Vere
799 1260 1056 1359 Theophrastus
1073 1286 1296 1338 communem
1311 1287 1379 1360 prae
1399 1265 1551 1352 caeteris,
1563 1287 1633 1338 ma-

426 1362 542 1473 gisque
558 1361 762 1473 evidentem
775 1385 892 1436 rerum
904 1363 942 1436 in
957 1364 1054 1460 peJus
1070 1359 1328 1437 deflectendum
1347 1357 1482 1436 causam
1497 1361 1637 1458 ellene·
1764 1441 1765 1450 .

452 1463 655 1557 ligentram,
688 1461 799 1538 πάντα
825 1465 859 1556 58
887 1459 925 1538 ὅσ
950 1469 1037 1534 εἰπεῖν
1062 1465 1252 1554 άπακωῦῇ.
1302 1458 1432 1533 Omnia
1455 1460 1554 1534 enim
1574 1483 1631 1556 per

426 1485 527 1634 lanc·
543 1558 650 1632 veluti
663 1557 807 1658 agrestia
831 1557 918 1632 fieri.
967 1559 1082 1657 Atque
1101 1558 1232 1632 utinam
1258 1557 1328 1630 hoc
1346 1575 1482 1632 tantum
1500 1589 1513 1656 3
1546 1579 1634 1632 nunc

426 1655 819 1747 murmuraremus,
842 1654 1109 1752 pellundantur,
1133 1657 1319 1732 abolentur.
1353 1657 1493 1754 Augeat
1517 1659 1635 1731 econ·

427 1756 533 1832 trario
553 1755 786 1830 calamitatem
801 1753 932 1828 frivolae
947 1753 1167 1845 mortalium,
1200 1776 1362 1851 vanaque
1387 1777 1484 1828 curae.
1538 1755 1636 1848 Quas

429 1853 526 1929 enim
540 1858 655 1928 turbas
679 1876 752 1928 non
774 1851 905 1928 excitat
920 1853 1058 1948 petulca
1072 1863 1190 1944 mens,
1215 1874 1294 1926 cum
1314 1851 1635 1944 extramundicon·

428 1976 522 2028 vexa
539 1951 795 2048 peregrinatur,
820 1947 1018 2047 lascivitque
1034 1948 1130 2024 circa
1142 1949 1254 2024 sacros
1270 1947 1510 2048 mysteriorum
1524 1951 1631 2048 ignes:

428 2074 511 2124 cum
531 2047 747 2123 dementium
765 2046 966 2122 Aloidarum
981 2043 1102 2138 instar,
1125 2046 1166 2120 in
1183 2071 1302 2123 arcem
1319 2049 1637 2144 divinaproviden·

429 2148 486 2222 tiae
495 2145 675 2243 irrumpit,
698 2150 795 2224 tantis
812 2145 911 2222 citius
927 2144 1069 2220 fulmine
1081 2145 1249 2243 peritura,
1273 2152 1399 2244 quanto
1413 2147 1553 2245 propius
1570 2151 1638 2223 cul·

428 2269 513 2320 men
537 2241 673 2320 coelelle
690 2245 837 2322 accellrt.
887 2243 966 2320 Nec
982 2244 1095 2320 minus
1111 2243 1273 2320 inrerum
1288 2265 1414 2320 natura:
1429 2248 1640 2344 contempla·

429 2343 526 2419 tione
541 2344 628 2416 male
655 2341 801 2416 curiosus
819 2343 951 2418 animus
973 2342 1093 2419 deficit
1110 2397 1121 2434 ‚
1160 2365 1240 2416 cum
1255 2343 1371 2416 relicta
1389 2341 1570 2434 sensuram,
1600 2341 1639 2419 δι

429 2440 659 2537 experimenti
670 2439 905 2516 consultiffima
918 2439 998 2530 via,
1022 2459 1156 2514 tantum
1164 2440 1283 2516 scabra
1298 2442 1473 2538 quadam,
1497 2441 1538 2518 ἃ
1553 2465 1636 2516 con.

428 2537 563 2638 fragosa
577 2538 639 2613 srbi
655 2539 793 2637 objicit,
818 2557 876 2612 aut
893 2537 1004 2635 spinas
1020 2537 1384 2710 colligit,·lrmpuidum
1398 2562 1540 2640 acumen
1556 2539 1632 2612 inu·

429 2637 480 2711 tili
501 2635 682 2713 subtilitate
702 2656 917 2712 exercentes.
967 2635 1069 2734 Pejus
1083 2659 1225 2732 operam
1283 2637 1351 2726 dit,
1376 2661 1456 2712 cum
1474 2637 1633 2714 sententi-

430 2757 468 2806 as
496 2752 627 2809 tantum
645 2733 771 2808 alienas
788 2755 952 2826 venatur,
975 2735 1130 2823 velicat,
1154 2735 1297 2834 pungit,
1316 2735 1469 2835 jugulat:
1501 2735 1634 2835 ignarus

335 2888 337 2894 .
428 2829 562 2906 facilius
580 2829 653 2906 effe.
672 2855 877 2929 magnorum
906 2829 1081 2906 auctorum
1102 2832 1254 2930 cogitata
1274 2831 1502 2926 subvertere,
1536 2857 1637 2933 quam

368 2969 372 2972 ·
430 2929 610 3026 opiniones
642 2927 796 3027 proprias
831 2931 976 3007 aliorum
1001 2929 1133 3027 judicio
1153 2931 1388 3023 committere,
1410 2933 1479 3026 {aas
1503 2931 1581 3007 riou
1603 2931 1638 3006 tl

429 3029 651 3124 Σοησκευάζην
676 3030 940 3126 τοῦιᾶσιιυάζυν.
975 3023 1126 3102 Pessime.
1142 3029 1297 3104 omnium
1322 3030 1526 3120 exorbitat,
1561 3054 1638 3105 cum

430 3125 540 3220 carpit
557 3148 710 3222 quaenon
724 3123 1178 3224 capit,praellantisfimisque
1188 3125 1378 3204 auctoribus
1394 3125 1569 3224 lluporem
1587 3128 1635 3203 su·

426 3245 489 3314 ¹um
499 3221 546 3294 im
564 3227 581 3319 J
608 3223 667 3320 git:
677 3221 1106 3298 cumeuibunalibrveluti
1117 3221 1231 3299 rostris
1238 3227 1450 3319 pronunciat,
1461 3227 1506 3300 de
1516 3251 1556 3300 re
1571 3249 1636 3300 nec

429 3318 522 3392 fideli
537 3247 636 3393 &su
647 3376 658 3411 ‚
668 3343 781 3418 neque
796 3323 1009 3416 experientia
1028 3321 1212 3395 cautbsatis
1226 3323 1383 3418 expenli.
1407 3324 1515 3420 quue
1524 3327 1583 3399 vel
1594 3347 1636 3398 eo

429 3415 665 3510 periculofius‚
690 3443 757 3517 quo
771 3418 894 3494 faedius
913 3420 972 3492 v'el
991 3418 1147 3510 invidia,
1170 3421 1228 3494 vel
1245 3421 1395 3498 avaritiae
1416 3423 1508 3495 virus
1522 3447 1636 3497 corru-

429 3511 498 3607 ptis
521 3511 698 3589 affectibus
724 3516 858 3594 illevit.
895 3515 979 3592 Hoc
1004 3517 1118 3614 itaque
1141 3515 1282 3610 praelide
1309 3521 1334 3596 fi
1362 3519 1515 3617 petenda
1539 3522 1641 3598 nobis

430 3607 588 3803 suegrmagia
610 3608 713 3703 sunt,
745 3615 849 3709 periit
870 3614 1060 3690 Balsamum
1082 3671 1094 3706 ,
1128 3613 1171 3692 bc
1191 3616 1345 3714 pretiose
1370 3641 1424 3724 en
1439 3617 1568 3694 eodem
1591 3620 1640 3694 la·

533 3733 562 3782 π
570 3763 592 3802 2¹

566 3807 664 3976 {aas
679 3829 779 3905 ungue
794 3809 873 3880 duro
886 3810 1022 3902 feracius
1037 3813 1194 3910 quosdam
1207 3815 1293 3910 pluit

607 3907 745 4000 egyptius
750 3905 924 4002 fragrante
938 3925 1043 3982 cortex
1058 3913 1201 3987 vulnere.
1353 3941 1356 3952 ·

428 3991 536 4074 Periit
551 3998 661 4092 odora
671 3999 859 4097 suavitate,
871 4003 1104 4106 virtutumque
1112 4005 1338 4106 aestimatione
1346 4009 1517 4090 excellens
1524 4011 1640 4086 medi.-

1583 4131 1650 4184 civ·
