3582 4584
532 349 1018 467 opobalfiiiiiiviniliciae.
1315 370 1395 472 ²⁴9

187 542 1231 744 natalitiirenitimur
1247 545 1394 725 iiii

186 766 308 820 aiueus
330 741 490 840 amplius,
515 764 586 818 non
601 743 728 840 flavum
754 739 815 816 sed
827 739 1008 818 manifesto
1042 745 1143 820 allore
1160 702 1395 822 decoioi'con·

185 841 335 941 spicitur.
373 841 488 914 ,Tunc
511 843 597 918 vero
618 837 853 952 styli‘cuspide
874 842 999 919 recolle
1036 867 1057 917 a
1079 861 1194 943 gutta,
1219 845 1394 940 (nuncol

186 939 246 1038 ligi
263 938 414 1014 dissoluta
431 936 564 1038 integre
587 937 717 1038 potest)
741 957 848 1026 etiam
871 939 1089 1017 evidentiore
1114 942 1264 1042 candore
1290 939 1394 1040 latie-
1441 1019 1444 1028 ,

186 1063 248 1114 um
262 1035 398 1110 succum
419 1036 590 1132 exprimit.
615 1034 694 1112 Nec
713 1033 810 1111 deest
828 1032 1011 1110 mutationi
1032 1043 1130 1114 ratio.
1180 1038 1270 1116 Nam
1294 1057 1330 1113 ut
1356 1039 1393 1115 in

188 1136 339 1208 humano
356 1154 526 1232 corpore,
559 1134 681 1209 florem
698 1133 856 1210 naturalis
884 1133 1006 1208 coloris
1021 1136 1099 1210 leve
1115 1135 1289 1232 spirituum
1308 1119 1393 1210 dell-

188 1234 304 1332 quium
324 1231 464 1404 earpiiql,
498 1229 537 1307 ἃ
552 1255 615 1331 per
633 1232 881 1334 egritudinem
898 1231 1044 1334 aliquam
1064 1255 1209 1330 repente
1233 1235 1391 1338 ingruen-

187 1351 280 1422 tem,
305 1349 396 1405 mtor
445 1355 486 1420 e,
1045 1384 1052 1400 .

404 1435 457 1502 Ac
466 1427 578 1524 fulgor
591 1433 704 1503 teneris
718 1432 774 1528 qai
786 1429 898 1503 radiat
911 1432 1000 1528 genii

177 1585 181 1592 .
329 1607 330 1612 ,
405 1527 568 1598 Mimanta
584 1532 714 1620 rapitur
738 1571 809 1590 --
900 1551 907 1564 ·

187 1625 241 1700 lta
258 1623 314 1698 hic
333 1645 471 1696 aureum
489 1621 713 1721 Opobalsami
728 1621 943 1724 splendorem
956 1621 1118 1724 spirituoli
1127 1625 1287 1726 sulphuris
1294 1629 1392 1706 effli-

188 1720 518 1819 xusiatteopalioie
538 1741 740 1800 commutat.
1296 1796 1297 1804 ,

237 1820 359 1896 Habet
370 1820 416 1894 ita
462 1819 574 1895 ehaec
595 1821 765 1919 lacryma,
789 1838 826 1896 ut
851 1823 921 1920 prat
941 1821 1076 1922 reliquii
1090 1823 1253 1900 hodierius
1275 1825 1394 1920 cogni-

188 1918 233 1994 tis
249 1917 365 1993 resinis
383 1941 426 1990 ce
438 1918 543 1993 eriter
558 1915 728 2013 spuatur,
754 1919 912 2017 ampliter
931 1921 1110 2015 dilatetur,
1135 1921 1174 1999 ἀ
1197 1919 1393 1996 eoloriseti·
1498 1944 1503 1953 ·

189 2041 246 2092 ani
269 2016 374 2090 citam
389 2015 622 2114 insignemque
639 2016 869 2093 mutationem
887 2017 1017 2097 subeat.
1068 2023 1117 2095 At
1138 2020 1218 2118 igne
1239 2018 1394 2094 elicitum

190 2117 209 2191 ὲ
226 2113 374 2213 juniperi
389 2114 505 2188 baccis
521 2115 659 2205 oleum,
682 2115 779 2188 simili
798 2114 961 2190 facilitate
980 2119 1160 2212 praeditum
1172 2115 1392 2212 conspicitur,

190 2235 271 2286 cum
294 2209 397 2284 celeri
414 2229 511 2285 motu
527 2209 636 2306 ipsum
652 2231 785 2308 quoque
797 2233 859 2308 per
873 2233 996 2308 aquam
1015 2212 1247 2290 diffundatur:
1271 2213 1394 2290 inveri-

187 2309 283 2408 tique
304 2311 323 2382 ὲ
342 2306 479 2381 curiosis
498 2305 693 2384 horninibus
714 2308 875 2405 liquores,
895 2309 958 2480 qui
980 2329 1054 2388 tum
1074 2308 1169 2386 lamii
1189 2309 1312 2409 aliquid
1330 2333 1391 2386 co-

188 2422 271 2508 gere
290 2463 301 2498 ,
332 2424 407 2482 tum
428 2404 520 2503 aquis
537 2404 644 2520 inlisi
660 2404 807 2480 latteum
829 2429 894 2481 can
918 2427 1017 2482 orem
1033 2409 1180 2522 2²²¹l¹¹¹²f³
1199 2409 1392 2521 cerueban·

188 2526 253 2584 tur.
303 2505 351 2580 At
366 2502 445 2580 ‘hac
459 2527 529 2580 non
551 2503 734 2596 efficiunt,
768 2522 806 2577 iit
823 2505 880 2578 vel
907 2505 1047 2582 balsami
1070 2509 1215 2606 hquores
1240 2504 1393 2582 diversos

187 2600 1393 2780 mim“iitam

167 2795 340 2886 simion,
363 2817 435 2892 quae
457 2759 492 2870 in
514 2795 583 2870 aliis
600 2723 741 2910 seorsim
752 2725 952 2890 occuiiiint,
977 2795 1016 2876 δι
1031 2727 1166 2901 fiigila
1204 2726 1391 2878 Sintpenini

188 2917 333 2994 quorum
347 2893 487 3006 mamilia
502 2897 811 3009 promptdlotione
834 2897 1016 2990 tolluntur,
1041 2923 1113 2998 quae
1129 2902 1183 2976 lac
1199 2922 1262 2978 coa
1309 2900 1391 2991 lant,

188 3017 265 3091 quae
289 2993 446 3066 celeriter
467 3015 504 3068 ui
533 3014 620 3092 aqua
655 2995 823 3093 liquantur
860 3051 871 3088 ‚
928 3021 1000 3094 quae
1026 2999 1144 3073 colore
1171 2995 1259 3073 laste
1275 3015 1389 3073 cunt:

189 3092 262 3168 inno
277 3115 349 3188 quat
361 3089 580 3183 metientibus
596 3109 669 3167 tam
688 3097 1026 3190 itempemmemo,
1060 3099 1161 3195 quam
1181 3099 1201 3171 d
1221 3113 1322 3186 tota,
1352 3113 1392 3169 ut

188 3213 269 3266 cum
291 3188 430 3264 Galerio
449 3189 582 3290 loquar,
607 3189 788 3268 substantia
802 3191 1018 3270 facultatibus
1032 3195 1127 3293 paria
1141 3188 1310 3290 praestent.
1337 3192 1391 3268 0.
1511 3237 1514 3242 -

186 3285 419 3390 pobalsamum
433 3306 552 3364 tamen
574 3288 662 3364 aliud
678 3289 867 3389 genuinum
880 3291 1078 3370 habendum
1094 3313 1166 3366 non
1184 3287 1264 3383 est,
1289 3293 1392 3389 quam

186 3384 350 3464 refinosui
390 3409 436 3462 ex
457 3383 529 3483 ipsa
570 3387 709 3464 balsami
741 3387 856 3486 planta
875 3387 1018 3468 succus.
1068 3388 1143 3482 Qui
1168 3391 1295 3487 probus
1324 3389 1392 3464 uti-

188 3509 256 3584 que
273 3483 397 3574 suerit,
420 3482 447 3558 li
462 3483 591 3560 viribus
609 3484 675 3560 suis
693 3485 883 3562 etiamnum
904 3489 1040 3600 pollet,
1073 3487 1236 3588 adeoque
1249 3486 1391 3568 suavem

188 3583 270 3683 ligni
288 3581 526 3679 metiumque
549 3580 685 3658 soonmi
704 3583 851 3658 odorem
865 3584 994 3682 spirat,
1027 3585 1176 3688 lingum
1196 3585 1392 3662 mordican-

188 3684 236 3757 do
251 3701 352 3780 atque
374 3677 614 3777 adlliingendo
628 3679 850 3758 mediocriter
869 3681 988 3760 afficit.
1037 3683 1196 3764 Sincenrt
1218 3683 1333 3771 iterii,
1365 3681 1392 3758 fi

187 3779 358 3856 maculam
382 3775 493 3878 pariat
523 3777 652 3854 lotione
680 3777 899 3874 delentem,
936 3782 991 3860 lac
1010 3803 1144 3884 cogat,
1179 3777 1327 3878 denique
1357 3801 1394 3856 a·

189 3901 263 3976 quie
281 3895 338 3951 aut
361 3875 441 3958 lasti
452 3875 615 3957 immissus
641 3875 799 3957 celeriter
821 3876 1000 3975 findani,
1025 3879 1261 3976 extendatiii,
1286 3879 1394 3962 albef-

186 3993 263 4054 eati

212 4113 216 4128 ·
906 4133 909 4140 .
947 4074 1055 4176 Η,
1321 4072 1400 4154 sui
