3582 4584
528 368 1006 498 opobatsaenWinn‘cia
1214 465 1218 475 ¹
1294 397 1369 474 301

162 594 248 646 mant
256 570 390 748 judt'qq,
413 565 588 643 etiannum
604 567 768 644 Arabius
782 567 880 646 doben
897 565 1025 664 talesan
1042 615 1056 660 ,
1081 572 1208 669 'unguen
1237 566 1372 665 balfitmt'

161 673 281 744 diuum
374 691 399 740 c.
941 741 947 756 Ι

212 719 392 839 Ηίς’νετὸ
416 760 497 862 quid
513 762 633 839 clarius
657 760 726 854 est,
751 785 853 860 quam
873 765 922 841 de
942 762 1103 840 industria
1130 784 1166 840 te
1188 759 1373 862 qutefivilie

163 865 321 954 lacunas,
345 862 776 961 quibuseximiumnaturae
796 885 918 936 munus
935 863 1154 960 deturparet,
1178 859 1372 936 bacchana-

164 963 208 1036 lia
239 959 387 1051 vixiffc,
422 984 500 1034 cum
524 961 695 1036 simulares
719 959 872 1036 Curium.
925 961 1138 1058 Complexus
1158 961 1251 1035 enim
1272 959 1373 1036 sum:
1418 985 1430 1004 ’

164 1059 340 1135 communi
369 1057 591 1156 Opobalsami
613 1057 775 1146 nomine,
800 1081 871 1132 non
894 1056 973 1132 illud
1001 1078 1135 1134 tantum
1162 1059 1253 1158 quod
1281 1077 1372 1132 tere·

161 1158 316 1234 bintbina
332 1154 550 1254 pennistum3
574 1156 632 1232 scd
651 1157 757 1231 etiam
772 1155 903 1252 purius,
929 1155 1085 1253 adcbque
1100 1159 1158 1231 vel
1172 1155 1276 1231 inciso
1295 1180 1374 1230 cot-

163 1258 233 1331 tice
258 1258 508 1351 lacrymatum,
531 1255 589 1328 vel
614 1254 699 1353 ignis
720 1250 908 1328 ministerio
931 1254 1052 1349 plantae
1078 1256 1230 1345 ramulis,
1254 1253 1373 1328 stubbi-

161 1355 288 1451 busque
307 1349 526 1444 subdubitant
547 1351 618 1427 inab
644 1352 816 1449 optimum
839 1351 1014 1440 omnium,
1040 1351 1078 1426 ἃ
1100 1351 1374 1443 defaecatilitum,

163 1450 318 1548 quamvis
340 1447 420 1524 huic
448 1458 516 1538 ω’
533 1453 670 1547 istola),
695 1448 733 1526 &
755 1449 1268 1546 proximeopobalsaminomen
1291 1475 1375 1525 con·

163 1549 300 1638 veniat,
325 1571 409 1621 mox
427 1546 559 1622 sincero
577 1570 647 1624 non
664 1547 850 1624 defaecato:
875 1549 987 1622 minus
1005 1549 1204 1624 adulterato.
1255 1551 1376 1642 Quare

165 1671 244 1722 cum
270 1647 305 1724 id
328 1643 436 1757 ipsum
458 1647 550 1743 quod
577 1644 724 1744 rejecisti
748 1669 871 1743 purum
897 1645 1067 1736 afferam,
1099 1646 1308 1743 legitimum,
1336 1647 1376 1724 bc
1529 1683 1532 1694 ·

109 1776 112 1784 ·
165 1744 309 1843 antiquis
332 1765 507 1842 cognitum
526 1743 804 1842 opobalsamum,
828 1745 908 1819 licet
924 1744 962 1819 id
983 1745 1042 1820 sub
1065 1744 1241 1818 communi
1263 1741 1376 1840 llirpis

165 1843 228 1924 suae
250 1842 392 1918 nomine
413 1844 613 1940 complexus
640 1836 785 1932 fuerim,
809 1840 909 1918 facile
940 1838 1229 1932 animadvertisti,
1254 1864 1322 1914 non
1341 1842 1377 1916 id

163 1942 289 2018 infima
307 1941 412 2018 clallia
435 1939 505 2016 elle
520 1965 579 2016 me
592 1939 750 2036 voluisse,
776 1939 834 2016 sed
852 1961 998 2034 naturae,
1023 1940 1215 2039 viriumque
1234 1939 1376 2038 integri-

164 2059 258 2128 tate,
281 2040 337 2114 vel
359 2039 494 2135 optimo
514 2041 709 2136 proximum
734 2038 950 2116 constituille.

214 2137 408 2212 Adulterari
422 2137 516 2210 idem
531 2137 679 2213 faeilme
696 2135 839 2232 potuiffe
854 2159 972 2233 putas,
998 2133 1143 2210 admisto
1172 2139 1228 2209 uel
1252 2136 1350 2208 tbure
1368 2192 1379 2225 ,

42 2219 46 2226 ¹
165 2233 223 2308 vel
241 2232 490 2308 terebinthina:
516 2232 550 2307 sa
597 2233 817 2323 nemetiam,
842 2236 1055 2331 odoremque
1077 2233 1247 2308 fructuum
1274 2233 1380 2308 balsa-

166 2331 236 2422 mi,
260 2329 298 2408 &
321 2330 495 2406 fronditun
521 2355 540 2405 a
566 2330 729 2406 miniculo
750 2331 933 2408 conciliari.
984 2333 1064 2428 Ego
1080 2334 1155 2408 ficri
1172 2331 1246 2406 ltaec
1265 2332 1383 2404 omnia

166 2429 262 2528 polle
280 2431 422 2518 minim&
439 2431 597 2529 ambigo:
623 2427 751 2506 buum
770 2451 886 2506 autem
905 2428 1001 2508 soille
1023 2434 1058 2504 in
1080 2427 1300 2520 bocnollro,
1327 2431 1384 2504 cui

165 2527 391 2630 pracipitium
411 2527 576 2604 minitaris
590 2528 847 2626 opobalsamo,
874 2528 1068 2607 constanter
1078 2551 1189 2627 nego,
1214 2550 1382 2626 pernego.

165 2629 265 2704 Nulla
292 2629 386 2704 enim
410 2626 547 2722 penitus
566 2647 650 2702 nota
678 2626 808 2718 defuit,
833 2629 923 2704 nulla
945 2629 1108 2718 facultas,
1133 2627 1253 2724 quibus
1280 2628 1382 2700 indo-

166 2725 236 2798 lem
250 2725 405 2821 genuinae
421 2723 628 2816 substantiae,
653 2725 875 2825 fimplicisque
893 2747 1019 2804 natura
1036 2725 1235 2824 patefacere
1253 2726 1382 2802 debuit.

166 2819 374 2898 observasse
400 2845 460 2896 me
484 2819 623 2920 quidem
650 2828 846 2920 profiteor,
885 2827 975 2926 quod
1003 2828 1192 2915 recentius,
1218 2825 1382 2916 tenuius,

167 2919 307 3012 clarius,
335 2920 526 3012 odoratius,
552 2924 649 3020 quale
676 2923 712 2998 id
740 2927 833 3021 quod
855 2921 1058 3023 tempestive
1079 2923 1219 3000 facibus
1244 2921 1308 2996 suis
1331 2921 1383 2998 se-

163 3017 340 3117 junblum,
365 3019 480 3116 purius
495 3019 620 3096 deind&
637 3025 826 3100 concrevit.
878 3023 963 3098 Hoc
985 3043 1103 3096 tannen
1122 3020 1230 3118 ipsum
1252 3022 1383 3119 dequo

166 3117 264 3192 litem
291 3117 419 3216 agitas,
446 3119 620 3210 claritate,
645 3121 834 3212 tenuitate,
859 3124 968 3198 odore
996 3121 1093 3218 supra
1117 3119 1384 3199 terebinthinam

167 3213 421 3314 paellantiore,
445 3217 601 3316 quamvis
620 3219 722 3317 longa
742 3219 873 3296 itineris
897 3224 1043 3320 ambage
1075 3217 1219 3315 copiofis
1245 3218 1385 3294 lacibus

166 3316 396 3406 innataverit,
419 3317 556 3394 abunda
573 3315 609 3396 se
627 3317 713 3392 mihi
740 3320 811 3396 tale
828 3321 972 3416 prebuit
982 3359 1004 3409 ,·.
1019 3338 1054 3395 ut
1081 3319 1117 3396 id
1138 3317 1300 3415 legitimi,
1325 3341 1387 3390 ve·
1494 3339 1496 3344 ·

167 3412 219 3503 ri,
241 3417 409 3514 probique
424 3413 647 3511 opobalsami
663 3416 804 3494 Arabici
820 3419 963 3493 nomine
983 3418 1119 3515 privare
1140 3416 1178 3492 u
1202 3415 1387 3508 famame·

167 3509 217 3584 ias
234 3511 512 3590 existimaverim.
1001 3601 1004 3610 Ι

131 3657 135 3668 ·
219 3613 391 3688 Cattentm
408 3611 454 3686 de
472 3612 615 3686 naturali
632 3612 770 3688 balsami
792 3613 895 3688 succo
918 3613 1137 3712 questionem
1161 3611 1229 3690 elle
1250 3607 1392 3698 scribis,
1418 3649 1423 3660 ·

171 3728 242 3782 non
264 3709 443 3788 artificiali.
492 3711 677 3806 Tanquam
707 3717 792 3786 verb
823 3716 982 3806 naturalis
1011 3712 1080 3790 elle
1102 3715 1256 3797 desinat,
1291 3705 1330 3781 ἅ
1348 3707 1390 3780 li-

173 3829 259 3978 qqtot
280 3810 330 3976 qqi
353 3809 529 3906 proprius,
554 3810 610 3919 qui
630 3809 809 3923 artificiosa
825 3813 972 3925 quadam
993 3813 1126 3925 ratione
1144 3805 1393 3978 eiqqmsubdu·

173 3929 352 4114 tun
378 3909 541 4086 lita
556 3908 1249 4108 tulttnaqnunnuann,
1271 3906 1395 4087 un

871 4105 978 4206 Pus
1312 4101 1386 4200 qut·
