3456 4590
301 253 306 268 '
413 279 465 376 tp
563 271 990 355 naosnnnt
1039 269 1346 356 stetur
1395 281 1505 365 Lu.

344 493 345 496 ¹
412 477 499 558 pora
510 452 715 554 pinguefieri
735 453 893 549 cupiant,
918 450 1048 526 semina
1063 453 1082 528 a
1100 452 1232 530 cortice
1245 455 1411 532 mundata
1427 459 1635 555 comedunt,

253 623 261 644 ‚
412 559 490 656 plus
510 551 723 654 pinguefacit
740 553 854 624 oleum
883 575 928 626 ex
948 543 1130 626 seminibus
1164 552 1381 650 expreffum,
1406 561 1634 659 omniumque

415 655 575 734 maxime
591 650 658 726 faex
675 651 742 724 olei
755 649 894 724 tachine
912 652 954 726 ab
975 650 1035 724 illis
1052 671 1187 727 vocata.
1239 653 1369 728 Oleum
1388 653 1585 769 faecemque
1599 682 1636 732 e-

412 757 469 856 jus
504 753 643 839 bibere,
668 750 780 823 adhoc
803 771 841 824 ut
872 749 1166 847 impinguescant,
1190 752 1405 831 mulieresin
1430 757 1565 831 balneis
1587 755 1637 831 fa-

413 849 672 934 miliarissimum
690 848 829 922 habent.
881 849 974 924 Oleo
988 851 1096 922 etiam
1118 849 1162 922 ad
1182 851 1288 924 multa
1306 849 1371 924 alia
1394 851 1563 952 AEgyprii
1589 854 1637 929 uti

417 946 696 1038 consueverunt,
722 947 847 1045 quippe
872 947 916 1019 ad
944 945 1030 1020 cutis
1057 942 1224 1044 pustulas,
1250 949 1496 1046 asperitatem,
1526 976 1635 1028 aco·
1716 999 1717 1008 κ

415 1071 537 1126 mnem
569 1043 837 1120 defaedationem
870 1069 915 1120 ex
944 1044 1088 1118 humore
1121 1046 1370 1122 melancholico
1404 1051 1637 1140 concitatam,

416 1163 643 1324 ἱυιιιρροῑᾶἰέ
661 1167 734 1318 turp
757 1145 793 1218 in
813 1143 898 1315 pibis
930 1141 1165 1316 frequentapio,
1190 1145 1341 1318 veluxilpso
1363 1147 1637 1322 affpfflsdpmti-

444 1267 579 1318 usmun
645 1299 653 1318 .
730 1266 979 1317 ecreumau
1044 1265 1224 1317 uosama
1293 1267 1637 1335 rume,acut1s

419 1341 566 1442 pruritus
589 1343 800 1432 abolendos,
825 1344 898 1440 ejus
925 1267 1063 1416 puatutdr
1080 1341 1195 1418 uncias
1222 1342 1337 1418 multis
1364 1343 1487 1420 diebus
1514 1345 1636 1420 biben-

418 1443 501 1516 dam
517 1438 693 1535 exhiberi,
720 1463 765 1514 eo
794 1441 900 1514 etiam
920 1367 967 1514 iili
990 1461 1151 1532 uruntur,
1178 1441 1221 1516 ad
1251 1441 1417 1516 anhelitus
1448 1433 1635 1518 difficulta-

419 1561 520 1628 tem,
546 1537 720 1634 pleuritim
738 1537 973 1636 desperatam,
997 1538 1033 1612 in
1052 1562 1118 1637 qua
1133 1538 1402 1636 nihilexspuunt
1420 1567 1447 1616 a
1490 1541 1561 1632 oti,
1586 1557 1635 1614 at-

420 1661 487 1737 que
503 1635 546 1710 ad
564 1637 910 1734 peripneumoniam,
926 1661 994 1712 uec
1015 1660 1086 1712 non
1100 1637 1144 1710 ad
1160 1637 1354 1714 movendos
1367 1564 1524 1730 deniers,
1534 1658 1635 1736 atque

421 1735 466 1810 ad
485 1733 713 1810 vehementes
730 1733 922 1826 stomachi,
945 1732 1370 1834 intestinorum,uterique
1385 1738 1545 1812 dolorum
1563 1759 1636 1810 cru-

419 1833 532 1913 ciatus
560 1834 827 1928 demulcendos,
851 1835 960 1926 intus,
993 1853 1157 1931 carraque
1179 1833 1338 1950 praellito.
1390 1831 1635 1912 GUILAND.

422 1933 510 2008 Tibi
531 1932 656 2030 gratias
671 1935 792 2009 multas
809 1933 943 2025 habeo,
968 1932 1025 2031 qui
1038 1931 1123 2006 mihi
1139 1931 1280 2030 huJusce
1294 1933 1416 2032 plantae
1438 1951 1494 2010 tot
1508 1949 1634 2008 tantas·

423 2053 492 2130 que
511 2030 673 2103 utilitates
688 2031 842 2100 medicas
856 2035 899 2106 ab
919 2055 962 2103 ea
978 2051 1085 2130 gente
1098 2051 1294 2126 compertas
1310 2030 1455 2118 dixerit,
1482 2054 1566 2126 quas
1585 2027 1635 2102 di·

423 2150 508 2228 gatae
540 2117 894 2206 auribusmostrorum
922 2148 966 2222 qu
1013 2146 1056 2197 ue
1080 2124 1297 2200 medicorum
1327 2121 1473 2216 censeo,
1499 2125 1633 2238 quando

424 2249 497 2302 non
517 2222 592 2296 solis
609 2220 786 2321 AEgyptiis
807 2222 882 2298 haec
896 2244 953 2296 ma
980 2217 1077 2296 'csta
1090 2219 1236 2314 fuerint,
1261 2218 1321 2297 sed
1349 2221 1449 2296 multi
1470 2223 1527 2298 alit
1550 2246 1634 2320 prat·
1721 2289 1722 2294 ,

421 2319 591 2400 clatiffimi
605 2320 737 2396 Medici
752 2320 879 2396 eadem
903 2317 976 2411 fere
1002 2317 1039 2394 in
1064 2319 1239 2416 posterum
1268 2318 1442 2396 memoria
1470 2319 1631 2419 prodide-
1721 2339 1722 2342 ’

422 2423 511 2512 rint,
536 2440 573 2494 ut
588 2415 640 2493 est
654 2419 777 2511 Raso,
802 2418 1005 2511 Avicenna,
1023 2414 1140 2516 Haly,
1163 2416 1324 2514 Serapio,
1349 2438 1452 2520 atque
1473 2419 1539 2494 alii
1564 2413 1633 2492 Sed

424 2543 517 2596 nunc
536 2513 659 2613 restat,
683 2539 721 2594 ut
742 2521 864 2616 plantae
882 2518 1023 2592 iconem
1047 2513 1257 2628 spellemus,
1281 2515 1506 2610 &aneallt,
1530 2535 1632 2614 quam

424 2617 525 2715 aliqui
547 2615 749 2714 pinxerunt,
773 2617 830 2716 qui
850 2615 887 2692 in
903 2615 957 2690 illa
979 2613 1073 2689 dubit
1091 2637 1136 2692 ex
1154 2611 1384 2712 Theophrasti
1402 2613 1557 2694 lotione
1571 2611 1631 2686 de-

426 2714 523 2811 cepti
540 2713 720 2814 uideant,
744 2715 834 2800 hane
852 2715 1006 2814 plantam
1024 2712 1203 2816 Sempsem
1227 2715 1408 2831 appellant.

808 2927 1023 3006 Carus
1070 2928 1267 3008 XXXHL

740 3095 816 3192 De
841 3103 989 3196 Calcat
1001 3103 1096 3215 five
1112 3103 1323 3214 colocaffla.

427 3321 741 3498 ALPINNula
765 3320 881 3418 planta
902 3319 1078 3420 AEgyptiis
1098 3317 1293 3408 colocasia,
1317 3337 1420 3419 quarn
1441 3318 1487 3396 illi
1510 3315 1628 3396 Culcaa

344 3441 353 3450 ”
699 3440 846 3511 vocant,
872 3415 923 3493 est
944 3419 1053 3518 magis
1076 3437 1184 3507 nota,
1218 3438 1331 3514 neque
1357 3417 1465 3519 magis
1490 3419 1527 3492 in
1556 3409 1628 3521 usq,

424 3523 562 3621 quando
582 3544 704 3597 omnes
720 3520 853 3594 radices
869 3515 966 3616 hujus
983 3519 1105 3616 plantae
1127 3516 1252 3614 inJure
1277 3517 1412 3608 collas,
1439 3535 1541 3615 atque
1561 3509 1626 3582 alus

426 3620 541 3696 multis
564 3621 676 3696 modis
694 3620 730 3693 in
751 3616 837 3692 cibis
852 3637 986 3712 paratas
1013 3616 1136 3691 affidut
1153 3614 1285 3689 elitent.
1335 3617 1415 3692 Non
1436 3609 1628 3709 secusquam

425 3717 531 3794 nostri
544 3743 661 3816 rapas,
687 3717 758 3818 agri
782 3716 966 3790 colocaffiis
990 3713 1083 3812 pleni
1106 3712 1154 3788 ibi
1172 3710 1384 3809 spectantur,
1409 3733 1511 3812 atque
1537 3697 1623 3806 quod

426 3817 610 3894 mirabilius
634 3815 791 3904 videtur,
815 3837 921 3888 nemo
945 3813 1077 3888 illorum
1102 3812 1248 3909 aliquam
1269 3812 1417 3924 ipsarum
1439 3813 1625 3921 plantatim

427 3915 586 4012 floribus,
609 3917 666 3996 vel
686 3912 849 4000 [suillibus
869 3935 1012 4012 usquam
1028 3911 1208 4012 praeditam
1224 3909 1321 3992 vidit.
1360 3911 1451 4022 'Ego
1475 3919 1622 4070 exmntp

886 4027 888 4032 ,
1557 4019 1625 4074 ω,
