3544 4592
403 353 470 434 η.
604 331 940 414 erroneum
989 331 1215 411 nnnrur
1258 321 1359 422 Lo.

403 509 566 590 audiviffe'
587 510 751 586 Arabiam
773 509 939 585 Felicem
962 533 1075 602 nunc,
1099 530 1336 609 perpetuoque
1355 510 1451 587 fuisse
1468 511 1637 594 nunni-2

400 612 577 700 feracem,
605 633 652 682 ex
664 607 910 706 AEgyptiorum
931 611 1152 707 Arabumque
1168 609 1376 686 testimonio.
1427 612 1629 703 Quodve..

401 711 562 786 riffimum
586 705 769 798 erduno,
801 709 937 806 quundb
963 708 1207 800 Dioscorides,
1233 706 1514 806 Theophrastus,
1546 711 1637 788 Pn..

403 809 504 897 nius,
529 804 689 896 Solinus,
715 807 882 902 Serapio,
908 806 1061 899 Setbus,
1086 828 1188 906 arque
1206 807 1262 904 alii
1286 807 1448 906 scriptum
1468 808 1637 907 relique«.

401 909 496 994 rint,
520 903 627 980 solum
645 903 806 1002 AEgypto
830 930 872 978 ae
890 906 1011 1000 Judeae
1032 905 1233 982 fuiffeolim
1256 905 1445 982 Balsmnum
1470 930 1633 984 eonees-.

401 1005 484 1079 sum.
535 1003 671 1096 Quibus
692 1003 919 1099 scriptoribus
945 1006 1046 1101 plena
1064 1004 1151 1079 fides
1177 1003 1315 1080 fortaffe
1334 1005 1425 1080 baud
1451 1007 1639 1100 omninb‚‚

364 1154 368 1162 -
401 1127 460 1176 me
478 1101 610 1200 judice,
639 1101 705 1176 erit
722 1103 933 1194 adhibenda,
959 1104 1038 1178 edm
1053 1104 1289 1200 permultialii
1305 1129 1351 1180 ex
1371 1104 1514 1216 antiquis
1528 1105 1639 1180 Ara...

402 1201 496 1276 biam
515 1201 595 1274 olim
612 1224 747 1300 quoque
768 1199 913 1276 Bodsami
939 1199 1092 1279 feracem
1109 1200 1205 1278 fuiffe
1226 1201 1386 1276 testatum
1407 1205 1635 1301 reliquerint..

402 1298 576 1374 Diodorus
599 1301 731 1374 etenim
750 1301 880 1374 Siculus
903 1299 938 1374 in
963 1325 995 1375 2.
1018 1303 1102 1378 libro
1112 1345 1117 1364 ,κ
1125 1301 1256 1374 suarum
1276 1297 1513 1392 historiarum,
1536 1303 1635 1377 nan„

402 1397 533 1470 samum
550 1396 586 1471 in
609 1398 755 1494 quadam
776 1397 1038 1476 Vailedrabiae·
1051 1398 1170 1489 nasci,
1196 1398 1234 1474 ἃ
1251 1423 1321 1474 non
1341 1400 1419 1476 alibi
1438 1401 1621 1476 memoriae

400 1494 563 1592 prodidit.
588 1493 768 1571 &Strabo
783 1495 819 1570 in
839 1497 955 1572 rolib.
971 1495 1171 1596 Geograpb.
1183 1499 1250 1572 ait:
1277 1553 1299 1587 „
1310 1495 1377 1572 His
1387 1497 1548 1595 proxima
1562 1495 1616 1574 est

400 1647 424 1688 „
438 1591 635 1668 foeliciffima
651 1595 841 1669 Sabeorum
867 1617 976 1684 terra,
1002 1620 1075 1702 quae
1104 1597 1255 1670 maxima
1284 1595 1378 1672 natio
1410 1593 1489 1686 est,
1522 1596 1619 1690 apud

402 1747 425 1784 „
440 1690 501 1763 bos
518 1690 594 1764 thus
614 1690 653 1766 ἃ
672 1692 831 1789 myrrha,
862 1691 1148 1768 &cinamomum
1171 1693 1341 1784 nascitur,
1365 1695 1401 1768 in
1467 1693 1632 1770 aetium.

402 1844 426 1881 ,‚
437 1787 654 1880 narramur,
679 1788 791 1864 &alia
810 1791 966 1888 quaedam
982 1789 1122 1866 herbula
1144 1791 1244 1866 valde
1258 1791 1420 1866 odorata''
1492 1789 1633 1864 Pansa..

401 1889 475 1964 nias
495 1887 554 1964 iib.
565 1912 600 1980 9.
625 1887 715 1978 „De
733 1888 869 1986 Viperis
882 1893 973 1962 rverb
992 1888 1051 1979 iis,
1078 1915 1150 1986 quae
1166 1889 1202 1963 in
1216 1889 1346 1964 Arabia
1362 1889 1452 1964 inter
1468 1888 1631 1969 balsami.

401 1991 575 2078 „arbores
590 1985 963 2076 versantur‚diversnm
981 1987 1121 2084 quidem
1141 1987 1293 2084 accep?
1304 1988 1374 2064 Sed
1390 2011 1450 2060 cur
1462 2010 1524 2062 nos
1540 2011 1629 2062 ma-.

403 2086 455 2184 gis
473 2083 684 2173 Dioscoridi,
708 2083 966 2179 Theophrasto,
992 2105 1094 2183 atque
1112 2084 1185 2160 aliis
1201 2086 1245 2161 de
1267 2084 1423 2160 balsamo
1435 2086 1631 2186 quamAE·.

402 2182 530 2280 gypuis
547 2180 587 2257 dc
599 2181 768 2256 Arabibus
782 2186 890 2279 prope
906 2183 1098 2258 balsameto
1118 2184 1205 2258 natis
1222 2184 1368 2258 credere
1386 2183 1588 2258 debebimus
1599 2197 1630 2262 ῖς

403 2281 572 2378 precipue
589 2280 666 2379 quia
685 2278 834 2354 incertus
854 2280 926 2356 sum
947 2283 1019 2356 illos
1045 2306 1192 2378 unquam
1218 2282 1408 2356 viventem·
1421 2281 1614 2356 balsamum

405 2377 602 2470 offendiffe,
629 2401 670 2452 ae
693 2376 891 2474 inspexisse,
916 2380 955 2455 dr
973 2381 1010 2454 hi
1025 2380 1061 2452 in
1079 2379 1224 2456 balsami
1248 2379 1332 2454 locis
1355 2377 1630 2477 radmundo„

404 2478 560 2556 omnium
582 2477 663 2553 cum
686 2476 890 2573 priscorum,
916 2487 1002 2554 tum'
1017 2478 1113 2576 hujus
1138 2479 1246 2552 aetatis
1268 2477 1399 2573 scriptis
1425 2478 1628 2554 firmiffime.

406 2574 558 2667 constet,
582 2576 776 2674 AEgyptum
794 2575 937 2652 nusami
953 2579 1084 2674 plantas
1102 2574 1238 2675 aluiffe)
1264 2579 1365 2674 qu'am
1379 2573 1479 2650 facile
1491 2596 1628 2673 potue--

405 2695 483 2750 runt
499 2674 559 2748 has
579 2674 711 2768 plantas
729 2673 865 2765 vidiffe,
892 2701 934 2751 ac
946 2679 1029 2754 verb
1043 2672 1234 2772 agnovisse,
1260 2677 1279 2750 b
1299 2673 1517 2772 quibuscum
1530 2697 1627 2750 con--

405 2771 472 2846 stet
490 2770 685 2867 AEgyptum
702 2769 763 2843 has
781 2795 829 2848 ex
843 2774 972 2850 Arabia
997 2771 1165 2862 habuiffe,
1191 2796 1252 2846 cur
1278 2772 1423 2869 amplius
1444 2772 1626 2848 dubitaui..

405 2894 482 2944 mus
504 2867 668 2944 Arabiam
687 2865 755 2940 esse
771 2868 919 2964 patrium
941 2870 1086 2944 balsami
1109 2869 1416 2969 salomeque-res
1439 2871 1527 2966 apud
1545 2869 1627 2946 AE-.

404 2967 542 3069 gyptios
562 2964 602 3041 dc
626 2968 756 3040 Arabes
782 2965 1073 3044 demonstratione
1089 2969 1187 3042 mdia
1215 2967 1448 3066 opussshobet3
1472 2989 1552 3040 eum
1575 2967 1614 3042 bi

404 3088 528 3143 omnes
543 3067 639 3140 eertb
658 3063 766 3140 sciant
784 3087 854 3140 non
875 3065 984 3142 modo
1003 3065 1187 3165 superiori,
1211 3064 1271 3142 sed
1296 3065 1452 3164 presenti
1476 3089 1619 3166 quoque

405 3183 508 3242 etate
525 3161 671 3242 Brisarni
686 3164 881 3238 innumeras
895 3166 1081 3261 plantarex
1093 3164 1219 3240 Arabia
1235 3163 1398 3241 adduuas
1416 3163 1623 3256 viveremu«

430 3290 474 3340 ue
489 3286 630 3352 omnes,
655 3285 738 3358 quas
752 3261 1096 3364 hauenusAEgyptus
1112 3263 1249 3356 habuit,
1273 3262 1399 3340 exinde
1417 3282 1614 3360 exportatas

458 3358 662 3458 saepesaepius
678 3385 722 3435 eo
736 3361 850 3437 ‚modo
860 3383 1044 3460 renovatas
1060 3361 1165 3438 fuiffe.
1216 3363 1320 3458 Apud
1335 3385 1394 3454 me
1413 3359 1532 3460 itaque
1542 3385 1622 3437 am*

405 3461 492 3556 plius
509 3459 651 3534 dubium
666 3483 736 3534 non
752 3463 836 3552 erit,
862 3461 1124 3551 Dioscoridem,
1150 3479 1251 3558 atque
1270 3458 1622 3536 abosBdsamumso.

407 3561 441 3632 lo
460 3559 642 3656 AEgypto,·
656 3583 699 3634 ac
716 3559 839 3654 Judaeae
859 3559 1056 3636 eonceffum
1074 3561 1155 3634 oiim
1174 3557 1272 3637 fuiise
1285 3555 1488 3648 adimentes,
1513 3561 1615 3657 pluri.

408 3681 515 3730 mum.
532 3655 716 3754 deceptor,
742 3656 844 3757 idque
860 3683 912 3734 ex
939 3658 1080 3734 aliorum
1103 3657 1269 3733 relatione
1293 3656 1418 3754 magis,
1446 3661 1547 3754 quim
1571 3683 1621 3738 err·

408 3779 492 3830 vera
507 3753 667 3846 scientia,
692 3755 811 3834 litteris
823 3755 1017 3852 prodidiffe.
1068 3758 1139 3832 Sed
1158 3775 1196 3830 tu
1214 3775 1333 3834 tamen
1351 3777 1396 3830 ne
1409 3755 1616 3834 obliviscaris

402 3856 476 3952 jam
488 3855 698 3952 propositam
715 3855 976 3953 peregrinorum
997 3853 1246 3968 AEgyptiorum
1266 3851 1438 3928 historiam
1454 3875 1546 3928 mme
1561 3881 1617 3934 re-

407 3951 566 4035 censere:
599 3979 672 4062 quae
703 3955 788 4032 mihi
819 3953 1004 4053 gredffirna
1022 3969 1100 4034 ent.
1139 3951 1298 4034 ALPIN.
1330 3952 1371 4030 In
1387 3951 1620 4133 'Arabiuliltins

1588 4081 1638 4134 cr,
