3566 4596
454 351 747 510 epolanus
764 360 987 482 mancia„
1253 425 1334 510 22,
1402 461 1407 468 .

129 609 348 684 canentum,
373 589 529 689 adeoque
553 589 677 664 virium
701 589 833 664 suarurn
852 585 1067 684 dispendium
1083 589 1257 666 incurmnt
1275 615 1339 666 no-
1415 588 1420 596 '

127 696 280 774 bililsrma
296 711 455 766 veterum
476 689 630 764 antidota
651 744 661 780 ,
682 689 889 786 potislirndm
911 685 966 766 illa
984 715 1069 790 quae,
1089 693 1134 764 ob
1152 697 1246 784 θηρία
1265 713 1339 789 quae

127 791 271 888 recipit,
296 789 520 886 auxiliumque
531 787 743 884 bapstismus
758 787 929 886 collatum,
951 786 1040 862 haud
1061 789 1343 864 immerirane

128 893 229 966 riacae
248 910 377 962 nornen
395 886 510 959 sortita
530 883 589 961 ell.
641 887 802 978 Quorum
822 887 901 962 illud
922 949 933 984 ,
966 911 1092 962 vereor
1111 887 1199 962 utin
1218 909 1342 984 paren*-

128 1009 202 1064 tem
241 988 376 1062 Naturae
411 979 599 1058 maximum
634 984 872 1084 optimumque
902 986 1099 1085 injuriosum
1116 985 1179 1063 lit:
1214 987 1282 1060 hoc
1306 986 1343 1060 in

153 1085 329 1160 ravilsrmis
356 1082 485 1160 morbis
511 1082 776 1178 periclitantium
796 1107 964 1183 aegrorum
977 1081 1175 1174 ,discrimine
1202 1086 1345 1182 conjun-

128 1112 236 1258 lium.
288 1183 460 1274 Quamvis
480 1182 574 1254 enim
593 1182 709 1254 deleto
729 1181 866 1278 imperii
887 1182 1046 1260 Romani
1065 1183 1226 1274 nomine,
1260 1183 1345 1258 Per*-

128 1281 264 1372 sarum,
288 1281 549 1375 Turcarumque
569 1278 721 1352 violenta
742 1304 874 1371 manu,
948 1277 1063 1380 ‘cquid
1087 1275 1262 1354 Palaeliina
1288 1299 1346 1356 aut

129 1380 296 1478 religione
317 1377 555 1452 venerandum
579 1432 589 1467 ‚
623 1397 679 1452 aut
697 1377 841 1452 utilitate
856 1307 1107 1480 suliiiiendum
1123 1377 1313 1478 possidebat
1334 1435 1347 1470 ,

129 1475 315 1554 miserabili
334 1475 497 1570 exemplo
513 1473 644 1570 pessum
659 1474 762 1549 iverit
783 1529 795 1568 ,
820 1498 887 1554 nec
911 1475 1066 1555 dillimile
1080 1474 1189 1552 fatum
1208 1479 1350 1574 propin·-

129 1599 235 1676 quam
254 1573 449 1671 AEgyptum
472 1571 649 1668 prefferit3
677 1573 834 1672 adeoque
848 1601 918 1652 non
935 1581 996 1652 abs
1021 1599 1060 1648 re
1081 1594 1218 1649 mentes
1235 1575 1352 1649 homi-

130 1699 217 1774 num
234 1671 397 1748 insederit
419 1670 564 1768 opinio,
597 1671 730 1746 deletas
749 1675 879 1770 pariter
905 1673 1005 1751 fuisse
1031 1672 1175 1747 eximias
1201 1669 1347 1748 Balsami

130 1776 287 1873 plantas,
311 1769 429 1868 quibus
451 1770 649 1846 excolendis
667 1769 738 1868 (ob
757 1771 887 1850 lucrum
905 1774 998 1872 quod
1015 1771 1050 1845 in
1061 1769 1234 1869 publicum
1251 1771 1350 1846 exin-

131 1875 177 1949 de
195 1870 314 1946 fiscum
331 1867 571 1968 redundabat)
619 1870 751 1944 uamvis
771 1873 888 1966 paucis
905 1870 1080 1960 intortis,
1104 1867 1350 1968 srngulansim·

131 1969 350 2071 pendebatur
380 1963 551 2041 industria.
596 1892 746 2042 l'adium
776 1988 894 2047 tamen
923 1969 1002 2062 eli,
1034 1966 1197 2066 mitigatis
1223 1963 1350 2041 coelesti

132 2067 348 2166 benignitate
364 2064 632 2154 calamitatibus,
656 2085 694 2138 ut
718 2065 802 2156 viri,
821 2071 955 2164 pietate
979 2067 1018 2142 dt
1044 2089 1173 2164 genere
1193 2063 1350 2163 insignes,

134 2164 350 2244 Palaeliinam
362 2183 463 2259 atque
487 2163 688 2257 Aegyptum
707 2187 949 2261 peragrantes,
967 2161 1232 2238 commentariis
1248 2163 1351 2236 itine-

134 2289 234 2355 rum,
258 2261 402 2338 Balsarni
423 2258 687 2348 nomen,veluti
698 2260 848 2336 Lethaeis
863 2283 1022 2362 ereptum
1040 2259 1159 2352 undis,
1170 2259 1351 2336 hominum

135 2367 264 2442 iterum
290 2356 466 2435 memoriae
485 2357 770 2432 commendarint.
819 2361 885 2458 lpsr
912 2384 1048 2462 quoque
1069 2382 1262 2458 proregee,
1295 2383 1351 2434 re·

137 2461 315 2558 etoresque
337 2455 615 2630 provinciarum,
640 2455 833 2554 principum
852 2457 1123 2536 Christianorum
1141 2459 1260 2558 legatis
1278 2459 1353 2532 bal·-
1418 2543 1424 2554 .

137 2560 273 2638 samicae
296 2579 335 2630 re
348 2581 412 2630 rnae
433 2554 639 2628 suavitatem
657 2553 749 2629 haud
771 2555 962 2634 inviderint
993 2613 1004 2648 ‚
1038 2555 1222 2654 secumque
1248 2555 1349 2630 dein-

140 2681 225 2753 ceps
243 2657 280 2730 in
295 2655 442 2751 patriam
460 2652 644 2728 detulerint
669 2654 838 2728 variarum
857 2681 902 2730 er
925 2657 1065 2752 Europa
1082 2652 1260 2729 nationum
1288 2678 1351 2728 no-

139 2755 226 2836 biles
238 2747 417 2849 praesedi,
440 2749 476 2821 in
503 2748 657 2844 Syria&
675 2753 838 2850 Aegypto
865 2754 1084 2855 negotiorum
1101 2751 1199 2828 causa
1212 2753 1353 2852 ,degen-

142 2853 241 2928 tium.
290 2850 469 2958 Summam
486 2865 604 2920 tamen
622 2869 757 2944 opem,
791 2854 860 2948 iarn
880 2853 972 2966 vulgi
999 2851 1212 2950 persuasione
1231 2875 1352 2925 enem-

52 3041 56 3046 .
143 2971 182 3025 to
202 2949 303 3023 rebus
330 2943 486 3018 humanis
512 2943 668 3018 Balsamo
700 2951 882 3026 attulerunt
919 2952 1003 3035 vrri,
1033 2949 1184 3024 materiae
1203 2949 1357 3024 llledicae'

143 3045 312 3134 lludiosr,
338 3042 395 3140 qui
412 3039 614 3139 posthabitis
630 3045 729 3136 vite,
753 3046 1015 3148 sumptuumque
1026 3045 1229 3143 dispendiis,
1254 3047 1351 3144 plan-

143 3170 217 3225 tam
231 3141 408 3231 Balsami‚
434 3141 541 3216 autin
563 3139 664 3217 horto
687 3144 886 3224 lllataharioe
914 3145 1088 3246 Aegyptio
1110 3146 1258 3235 cultam,
1293 3164 1351 3218 aut

142 3272 187 3324 ex
216 3238 351 3320 recenti
374 3259 491 3314 natam
518 3241 772 3339 carpobalsamo
797 3247 986 3335 viderunt,
1017 3243 1190 3338 visamque
1224 3242 1352 3321 curiolla

143 3344 251 3421 deseri
278 3341 401 3416 serunt.
451 3339 545 3414 Inter
570 3339 633 3417 hos
647 3338 768 3417 Petrus
788 3344 958 3418 Bellonius
976 3344 1218 3432 Cenomanue,
1244 3341 1352 3416 Fran*-

144 3443 225 3519 cisci
242 3367 349 3515 irimi
372 3435 562 3512 Galliarum
581 3438 687 3537 Regis
703 3440 939 3518 munificentia
955 3438 1159 3538 dignilstmus
1179 3495 1189 3530 ,
1215 3439 1271 3538 qui
1293 3464 1353 3514 co-

144 3539 338 3642 gnoseenda
355 3535 588 3626 metallorum,
612 3539 827 3634 plantarum,
850 3539 1141 3636 animantiumque
1159 3557 1278 3613 natura
1290 3563 1353 3612 ve-

145 3637 206 3716 luti
222 3637 320 3712 oellro
338 3633 506 3730 percitus,
531 3632 688 3728 Graecia,
713 3638 792 3712 Asta
808 3637 963 3729 minore,
980 3635 1096 3736 syria,
1121 3637 1352 3735 Aegyptoque

146 3733 373 3834 perlustratis,
398 3728 542 3805 lialsami
555 3734 667 3808 natale
684 3735 816 3828 solum,
840 3737 1029 3835 plantaque
1046 3735 1268 3848 germinantis
1292 3737 1353 3810 ha-

146 3834 276 3921 bitum,
301 3832 340 3908 dt
357 3829 517 3904 sormam-
532 3829 705 3906 utilillmiis
733 3832 863 3912 itineris
893 3832 1188 3912 observationibus
1210 3827 1353 3926 posteris

147 3928 346 4027 divulgavit.
395 3929 540 4004 Notarat
562 3930 710 4006 eandem
732 3933 767 4007 in
797 3937 960 4035 Aegypto
980 3931 1151 4008 Melchior
1174 3929 1356 4010 Guilnndi·

146 4051 235 4120 nus,
259 4021 445 4121 Bontllus,
471 4028 692 4126 eruditione,
724 4033 1037 4210 vegetalpqlifumque
1051 4027 1174 4130 peritia
1188 4029 1289 4204 depuli
1307 4033 1354 4108 sni

937 4151 959 4226 3
1251 4151 1366 4229 ecus„
