3518 4596
406 343 464 456 '94'
759 339 826 448 Jo.
847 333 1043 452 Veslingii
1063 331 1304 442 Paraeneses

406 533 551 613 collecta
569 533 756 608 etiamnum
774 529 907 618 foliola,
920 529 1016 604 velut
1037 509 1532 622 intresecundinas‚minutum
1546 533 1630 608 iios·

406 635 474 710 culi
492 629 680 733 vestigium
697 684 708 720 ,
734 626 773 703 dt
792 628 981 703 herentem
1002 628 1167 718 cauliculo
1187 628 1337 730 surgenti
1349 628 1432 703 novi
1441 628 1534 703 bulbi
1550 633 1628 728 glo-

406 735 544 829 bulum3
570 725 750 802 confeffuri
769 750 848 801 cum
870 750 984 802 rerum
994 727 1129 803 Nature
1138 727 1330 826 gravissimo
1354 725 1630 823 scriptore,nus·

406 835 501 930 piam
522 852 601 902 earu
615 825 722 926 magis
744 825 895 924 quimin
922 825 1073 900 minimis
1097 845 1208 901 totam
1226 823 1306 900 elle.
1366 824 1488 900 Homo
1512 827 1628 901 vitali-

407 935 480 1008 bus
492 923 578 1000 ¹auris
600 925 673 1024 jam
691 945 871 1016 maturus,
895 925 1002 1022 ruptis
1029 923 1149 1023 quibus
1172 923 1586 998 induebatursecundinis
1614 979 1627 1018 ,

405 1050 478 1104 non
496 1023 566 1098 stne
589 1021 706 1096 matris
723 1039 918 1112 tormento,
934 1020 1081 1096 claustris
1096 1021 1186 1096 uteri
1206 1021 1365 1120 erumpit.
1391 1023 1492 1096 Initio
1505 1047 1628 1098 rerunt

405 1123 561 1200 omnium
580 1144 731 1220 egenus3
757 1119 815 1194 sed
835 1117 978 1196 adaucta
998 1117 1118 1195 sensrm
1135 1139 1236 1196 etate
1246 1118 1428 1216 provesius
1442 1141 1538 1211 ‚turn
1549 1121 1628 1214 fibi,

406 1217 1630 1416 rlltttnlrulnlbsntattribuentibus

1085 1411 1093 1428 .
1203 1417 1211 1440 ,
1414 1417 1421 1430 .
1527 1371 1541 1434 ³.

407 1413 777 1618 laiusniiiilin
798 1411 1629 1624 inln‘lllllltnlllll{ltili

407 1639 484 1688 rum
504 1611 704 1686 divisionem
742 1611 903 1686 enetricis
925 1635 1070 1709 corpore
1094 1610 1305 1684 dirimuntur.
1358 1613 1455 1702 Quin
1474 1615 1532 1686 vel
1555 1613 1630 1686 hoc

408 1709 482 1810 ipso
502 1711 634 1786 selicius
662 1637 825 1808 uulgicari
853 1710 963 1783 vitam
988 1709 1174 1800 videntur,
1200 1711 1291 1807 quod
1309 1709 1344 1783 in
1369 1731 1488 1784 corum
1506 1709 1630 1784 discri-

409 1810 504 1884 mine
522 1811 649 1884 uullum
664 1809 738 1884 sere
753 1808 855 1882 matri
872 1807 1053 1882 discrimen
1076 1803 1143 1881 est:
1170 1829 1240 1884 non
1258 1808 1321 1881 aliu
1345 1809 1401 1882 vel
1420 1807 1546 1902 Ninia,
1564 1809 1628 1882 vel

409 1909 581 1998 Levana,
606 1911 708 2008 quim
727 1903 854 1981 coelesti
871 1906 1007 1979 Lucina
1026 1905 1243 1980 nascentibus
1253 1906 1375 2003 plantis
1394 1930 1499 2004 opem
1508 1906 1630 1980 feren-

407 2026 456 2082 te.
507 2007 679 2080 Formatae
694 2007 810 2095 verb,
843 2002 1084 2102 profundisque
1106 2003 1275 2078 radicibus
1293 2022 1421 2078 terram
1446 2005 1630 2101 implican-

409 2123 483 2195 tes,
508 2103 614 2179 etiam
644 2101 805 2198 spernere
834 2102 970 2198 possunt
1003 2101 1220 2176 fortuitorum
1246 2125 1388 2176 omnem
1417 2103 1628 2201 impetum,

411 2201 567 2300 quamvis
582 2225 640 2276 eas
659 2201 774 2276 valido
787 2203 933 2292 robore,

547 2301 702 2396 Alpestres
717 2303 855 2394 Boreae,
880 2325 960 2374 nunc
973 2298 1047 2373 linc
1071 2324 1150 2375 nunc
1163 2300 1305 2392 flatibus
1322 2303 1431 2395 illinc,

545 2401 670 2473 Erum
685 2403 768 2472 inter
782 2399 813 2486 se
828 2415 946 2472 certent
971 2441 1043 2462 -

408 2501 484 2574 lam
504 2499 540 2572 in
560 2495 712 2594 corporis
730 2493 870 2570 humani
883 2513 997 2592 partes
1019 2496 1213 2593 quicunque
1227 2494 1420 2594 diligentius
1440 2495 1631 2595 inquisive-

411 2596 475 2687 rit,
500 2594 656 2670 sensuum
675 2593 790 2693 utiquc
810 2593 956 2686 indicio,
982 2591 1151 2690 simpliter
1173 2593 1252 2669 alias
1269 2595 1628 2690 deprehenderit‚ali-
1666 2631 1670 2638 ·

410 2713 450 2766 as
466 2715 511 2767 ex
527 2693 728 2788 simplicium
750 2693 915 2767 concursu
939 2693 1154 2788 compositas.
1204 2691 1238 2772 Ε
1264 2693 1471 2788 simplicibus
1492 2695 1629 2768 haben·

411 2807 468 2864 tur
484 2789 657 2888 conjugati
675 2813 859 2866 nervorum
877 2789 1032 2880 ordines,
1044 2792 1220 2865 Venarum
1236 2789 1483 2889 quiescentium
1493 2793 1629 2867 mican-

412 2886 567 2985 tiumquc
588 2887 762 2986 purpurati
779 2886 924 2980 dusius,
955 2885 1026 2960 ossa
1047 2887 1196 2985 partium
1217 2887 1409 2965 molliorum
1426 2892 1540 2966 valida
1559 2889 1628 2966 sul·

337 2985 340 2992 ’
412 2987 586 3076 cimenta,
611 2985 650 3061 δι
670 3008 816 3076 carnes,
854 3003 926 3058 tarn
951 2983 1165 3078 visceribus,
1200 2986 1502 3088 glandularumque
1523 2989 1629 3087 spon·

408 3083 507 3197 giolis
525 3083 636 3162 affusae
654 3139 666 3174 ,
690 3085 792 3182 quim
813 3083 896 3156 toris
913 3084 1120 3158 lacertorum
1137 3083 1316 3176 insarslae,
1341 3091 1627 3164 membranarum

407 3203 516 3274 rtem,
535 3181 580 3262 ,dt
595 3181 807 3260 vinculorum
824 3181 1001 3277 multiplex
1024 3203 1222 3280 apparatus,
1247 3184 1291 3258 ad
1308 3187 1451 3261 tutelam
1469 3187 1628 3262 omniurn

405 3279 605 3380 laederisque
637 3278 840 3355 societatem
866 3278 1101 3356 conducibilis.
1155 3283 1318 3357 Eundem
1351 3283 1387 3357 in
1406 3285 1553 3360 modum
1570 3307 1627 3362 res

411 3379 458 3453 de
478 3380 598 3476 plantis
614 3379 749 3471 habet,
780 3378 955 3478 inquibus
983 3378 1184 3476 simplicium
1214 3381 1363 3478 partium
1383 3384 1557 3458 rationem
1582 3387 1627 3460 fi-

408 3479 479 3552 brae
500 3477 680 3568 obtinent,
704 3479 775 3552 slve
792 3478 911 3568 nervi,
960 3501 1076 3576 uaeque
1098 3477 1213 3552 nervis
1231 3479 1323 3555 succi
1346 3483 1521 3577 pleniores
1537 3481 1621 3572 sunt,

410 3575 546 3650 ultrices
564 3575 627 3650 illae
645 3598 743 3650 veuae
754 3599 852 3674 ,quas
868 3501 1287 3674 periuriorumplanitiem
1298 3577 1406 3656 stabili
1417 3579 1623 3682 quadanse-

410 3673 462 3749 rie
476 3669 667 3748 distributas
690 3729 702 3764 ,
726 3671 817 3748 sacili
834 3677 957 3750 obtutu
974 3675 1115 3774 quilibet
1132 3675 1371 3774 deprehendit.
1421 3681 1529 3754 Addo
1548 3701 1624 3754 car·

410 3795 514 3863 nem,
537 3771 679 3848 inmori
699 3771 870 3869 ccralique
895 3772 1062 3847 srullibus
1081 3775 1292 3864 molliorem,
1320 3775 1566 3853 solidiusculam
1590 3776 1624 3850 in

410 3870 521 3968 pyris,
546 3870 586 3946 dt
601 3870 715 3952 malis.
739 3869 774 3943 in
799 3871 985 3968 amygdalis
1000 3872 1211 3972 nucibusqne
1228 3875 1412 3951 duriorem.
1464 3879 1564 3972 Quid
1587 3873 1623 3948 li·

410 3991 478 4074 gna
505 3967 712 4066 iuterpofitis
725 3967 825 4050 nodis
870 3968 964 4062 varie
997 3967 1211 4053 uomitus
1249 3973 1331 4050 nihil
1356 3977 1444 4056 eliud
1477 4031 1490 4076 ‚
1523 3979 1622 4147 quiqu

471 4107 477 4114 ·
765 4131 771 4138 -
1541 4099 1564 4150 o
1590 4093 1627 4145 e·
