3518 4596
420 343 504 430 ἰω
744 333 817 450 Jo.
833 307 1032 449 Vesrrngu
1052 317 1294 443 Paraen'eses
1362 279 1373 368 -’

422 557 491 636 que
519 533 697 636 Aquilonis
724 535 973 632 conceptacula
993 505 1179 710 ponesias
1205 529 1384 633 regiones,
1408 531 1475 610 hac
1500 531 1648 633 parte!

419 661 536 712 rerum
553 658 674 711 natura
690 634 871 709 damnatos
884 656 955 709 non
972 656 993 708 e
1021 657 1065 723 e,
1090 629 1239 708 ostendit
1257 631 1388 732 Regius
1406 637 1497 748 apud
1516 636 1648 716 Danor

420 735 619 812 Hafiriensrr
636 733 835 810 Academiae
852 731 1047 832 paradisus,
1074 731 1227 807 Othonis
1244 733 1444 833 Spersingir,
1469 736 1531 810 viri
1552 760 1653 833 prae.

417 831 617 923 stantiffimi,
639 829 779 925 studio,
804 832 1007 930 Europaeis‚
1033 830 1317 928 Americanisque
1332 835 1455 930 plantis
1475 837 1649 913 omatiffi.

417 956 504 1004 mus.
556 935 605 1008 At
628 931 709 1030 quid
736 930 968 1032 augustissima:
991 927 1203 1026 Reipublicae
1227 931 1375 1007 Venetae
1399 935 1646 1014 munificentia

417 1029 552 1128 dignius
575 1050 669 1124 erat,
695 1035 796 1130 quim
816 1031 908 1106 utin
924 1030 993 1105 hoc
1013 1027 1252 1104 nobiliffimum
1271 1033 1438 1106 bonarum
1453 1034 1582 1108 artium
1593 1038 1647 1108 Α·

416 1125 525 1222 sylam
548 1186 559 1221 ,
593 1133 692 1206 bonre
724 1129 925 1204 valetudinis
963 1127 1116 1225 praesrdia
1143 1128 1407 1225 reciperentur?
1442 1151 1479 1205 ut
1500 1134 1536 1208 in
1560 1135 1647 1210 Mu-

416 1223 528 1300 sarum
580 1249 669 1305 coetu
714 1229 861 1304 Phoebus
894 1228 1078 1326 surgeret,
1125 1224 1325 1326 Phoeboque
1364 1229 1522 1328 subjettae
1542 1234 1646 1330 pian-

416 1342 460 1399 tae
496 1326 755 1426 plantarumque
790 1328 881 1401 vires
923 1323 1196 1424 agnoscerentur.
1248 1329 1360 1402 Immo
1403 1327 1515 1426 prima
1563 1357 1645 1408 orn-

416 1423 514 1498 nium
543 1427 683 1501 Veneta
717 1426 918 1524 prudentia,
945 1423 1103 1498 utitiffimi
1138 1420 1279 1498 instituti
1318 1447 1450 1500 metam
1488 1427 1646 1506 assecuta

410 1521 493 1597 suit.
518 1525 609 1598 Nam
630 1545 666 1600 ut
691 1524 935 1620 rebuspublicis
946 1547 1009 1620 per
1028 1525 1150 1596 orbem
1166 1521 1322 1622 reliquit,
1341 1525 1558 1602 laudatiffimi
1582 1554 1640 1604 rc-

417 1621 573 1716 giminis,
585 1623 757 1724 civilisque
774 1621 1021 1719 tranquillitatis
1030 1642 1188 1695 normam
1197 1623 1419 1718 praebuit,ita
1429 1627 1579 1720 publicis
1603 1630 1642 1704 ti-

412 1720 580 1795 beralium
594 1722 842 1820 disciplinarum
855 1719 1068 1819 Gymnasiis,
1085 1718 1167 1816 quid
1176 1719 1218 1793 ad
1229 1720 1280 1793 rei
1291 1720 1438 1797 Medica
1447 1725 1642 1818 perfeetio-

416 1841 499 1894 nem
523 1821 752 1913 conduceret,
778 1821 945 1918 exemplis
967 1817 1031 1890 suis
1053 1817 1196 1907 docuit,
1221 1817 1396 1916 splendide
1419 1823 1641 1918 construttm

415 1941 485 1992 non
500 1919 615 2018 ligneo
634 1941 767 1997 tantum
784 1921 867 2010 illo,
900 1919 936 1991 in
956 1939 1024 2014 quo
1047 1915 1264 1990 Valetudinis
1280 1919 1507 1995 fundamenta
1537 1925 1641 2000 disse.

415 2017 485 2091 tito
505 2019 713 2093 cadaverum
732 2018 949 2114 patefaceret
966 2045 978 2109 3
1003 2012 1186 2088 sedetiam
1206 2015 1345 2110 lapideo
1359 2020 1426 2091 hoc
1442 2021 1642 2116 plantarum

415 2115 690 2212 amphitheatro,
714 2119 749 2192 in
773 2141 840 2216 quo
855 2137 931 2191 tum
947 2112 1128 2188 incolumis
1140 2109 1288 2210 Hygieae
1305 2118 1544 2213 munimenta,
1562 2141 1640 2199 torn

413 2214 568 2314 ejusdem
591 2215 723 2294 afflittae
758 2215 911 2316 praesrdia
938 2213 1160 2303 iocarentur,
1193 2235 1235 2285 ac
1262 2217 1524 2292 recenserentur
1552 2223 1640 2297 vaii-

414 2314 556 2391 diffima.

462 2417 552 2509 Quae
582 2435 674 2487 nunc
701 2413 805 2487 obvia
826 2409 957 2499 vobis,
982 2407 1199 2497 Auditoree,
1225 2405 1264 2481 ἃ
1290 2409 1327 2482 in
1356 2407 1547 2489 studiorum
1576 2443 1640 2494 ve-

410 2509 558 2588 strorum
575 2512 848 2585 emoiumentum
871 2525 1072 2604 comparata
1099 2503 1233 2580 curiose
1251 2506 1468 2603 perlustretis.
1521 2515 1639 2608 Quod

410 2611 548 2686 sienim
567 2612 611 2684 ad
628 2608 777 2684 sanitatis
803 2605 927 2686 amissae
950 2605 1251 2702 recuperationem
1283 2607 1505 2684 necessarium
1534 2615 1639 2696 duci.

410 2707 477 2798 tis,
502 2708 695 2783 mirabilem
725 2710 878 2805 corporis
907 2703 1048 2778 humani
1074 2723 1277 2780 contextum
1302 2705 1545 2808 viscerumque
1571 2715 1639 2789 sm·

436 2809 567 2880 olorum
584 2825 861 2903 temperamenta
877 2803 1013 2878 rimari:
1038 2801 1154 2900 quidni
1171 2803 1300 2900 pariter
1313 2806 1543 2884 necessarium
1564 2813 1639 2888 exi-

455 2893 575 2995 m'etis,
600 2905 714 2980 seduia
736 2902 979 2981 observatione
1000 2923 1044 2974 ea
1060 2901 1267 2998 praecipere,
1293 2903 1413 3000 quibus
1440 2907 1580 2986 sacrum
1600 2911 1640 2986 il.

410 3003 471 3078 lud
487 3005 665 3101 opificium
686 3003 811 3078 sartum
828 3001 1028 3098 testumque
1050 2999 1276 3091 serrandum,
1301 3001 1421 3100 quibus
1442 3007 1639 3084 tabenna·

408 3123 446 3178 ta
466 3109 591 3179 morbo
621 3101 754 3178 viscera
781 3103 825 3176 ad
842 3098 1060 3196 'temperiem
1093 3095 1268 3195 pristinam
1291 3104 1490 3180 revocanda
1521 3105 1639 3184 sunt?
1751 3117 1752 3138 ¹

408 3201 459 3279 Et
483 3201 697 3278 observanda
711 3199 852 3301 quidem
866 3201 910 3271 ed
930 3195 1135 3296 religiosus,
1161 3219 1228 3294 quo
1243 3197 1470 3274 calamitosror
1486 3225 1535 3280 ex
1577 3231 1638 3282 η.

407 3301 568 3376 sidiorum
586 3301 702 3399 inopia
723 3319 888 3390 eventus,
912 3291 953 3370 dr
966 3317 1012 3368 ex
1041 3293 1258 3390 inexplorato
1279 3297 1425 3371 remedii
1448 3299 1507 3375 usu
1563 3329 1638 3379 am.

407 3419 492 3471 num
513 3401 648 3500 gravius
665 3401 846 3477 redundat.
899 3391 1040 3468 Ducem
1061 3392 1178 3490 utique
1200 3393 1279 3466 beili
1300 3415 1373 3468 non
1390 3395 1570 3478 immerito
1582 3403 1633 3478 vi.

406 3501 593 3592 tuperetis,
617 3501 673 3597 qui
691 3497 825 3573 hostem
845 3487 1284 3602 irruentemaggress'urus,
1307 3491 1442 3592 ignorat
1455 3500 1626 3590 ,militem
1750 3561 1751 3598 ,

405 3591 466 3673 sub
485 3595 584 3696 signis
602 3599 729 3674 habeat
745 3597 919 3684 validum,
944 3613 989 3665 an
1015 3591 1144 3664 utribus
1171 3587 1337 3682 nauum,
1368 3617 1554 3690 armatum,
1585 3623 1631 3674 an

405 3695 595 3770 inermem:
623 3697 790 3772 Drufiano
807 3694 939 3795 gradio,
965 3711 1009 3762 an
1030 3687 1201 3800 plumbeis
1214 3687 1290 3762 telis
1309 3687 1519 3772 instrodium.
1545 3698 1632 3775 Non

407 3793 567 3870 diffinitis
587 3793 689 3870 fuerit
706 3794 856 3884 Medici,
882 3783 1114 3882 imprudentia
1142 3787 1280 3878 dicam,
1307 3811 1350 3863 an
1375 3796 1579 3876 temeritas?
1604 3799 1630 3873 sr

406 3891 673 4063 graviffimarum
699 3891 937 3992 aegritudinum
964 3907 1089 3982 agmen
1126 3885 1385 3997 profligaturus,
1411 3894 1631 3996 incognitum

433 3993 551 4083 abeat,
577 4017 650 4095 quae
680 3987 930 4078 medicamenti
951 4001 1090 4078 natura,
1115 4005 1191 4085 qutr
1215 3984 1368 4072 habitur:
1386 3991 1518 4073 'robore
1535 3994 1628 4070 inte-
1749 4059 1750 4072 r
