3456 4590
270 367 766 450 onnus-nats
814 363 1152 448 norrun
1280 395 1333 472 ῃ

121 551 184 628 -des
212 547 249 624 in
271 549 385 625 vesica
413 563 606 624 concretos.
657 543 766 638 Quod
787 527 896 646 genus
915 545 1030 621 morbi
1050 545 1099 624 ibi
1120 543 1171 622 est
1184 541 1329 624 familia-

126 651 298 740 silianum,
323 647 363 724 ἃ
387 646 478 746 quast
506 642 726 736 cadentium,
749 667 795 719 ex
824 643 930 721 caulis
953 643 1031 720 aliis
1047 647 1199 723 narratis.
1250 647 1329 723 Mu·
1439 662 1444 671 ‘

123 749 220 824 lieres
241 744 365 822 radicis
387 741 573 822 decodlurn
591 744 665 818 ttim
683 741 728 816 ad
749 765 874 840 pueros
888 742 1047 835 variolis,
1071 765 1173 844 atque
1189 747 1331 823 morbil-

127 847 163 922 lis
183 862 359 944 correptos
383 843 537 919 maxime
556 841 756 941 sequuntur,
780 842 855 916 ttim
878 841 923 916 ud
942 839 1088 940 seipsas,
1112 844 1170 922 ubi
1187 843 1329 942 cupiunt

127 945 330 1040 itterccptas
355 937 546 1017 menſtruas
569 937 789 1052 purgationes
813 937 1119 1019 rursum'evocare.
1170 945 1256 1020 Sunt
1272 945 1331 1018 ali-

127 1042 196 1142 qui,
220 1041 278 1138 qui
301 1065 367 1139 pro
391 1039 526 1116 secreto
549 1038 673 1112 auxillo
696 1037 826 1114 habent
847 1036 1057 1131 decoctum,
1082 1063 1128 1116 ex
1145 1037 1329 1118 seminibus
1388 1111 1390 1116 .

127 1140 259 1216 modice
290 1139 437 1214 contusrs
460 1133 641 1235 paralum,
661 1135 711 1210 ad
740 1135 936 1234 adjuvanda
960 1137 1209 1214 exanthemata
1227 1141 1263 1215 in
1279 1139 1332 1216 fe-

125 1238 235 1314 bribus
251 1234 510 1336 pestilentibus,
534 1257 616 1333 quas
631 1233 797 1332 periculas
816 1231 920 1309 nolin'
937 1235 1118 1331 appellant.
1162 1239 1219 1314 Ad
1236 1239 1331 1314 usum

125 1359 253 1526 lul?
268 1331 1332 1543 ructu,deuterononiumtur

128 1531 205 1604 dam
227 1552 332 1628 atque
352 1531 477 1604 siccam
497 1525 585 1618 elle,
609 1528 943 1626 tenurffimarumque
964 1548 1122 1624 partium.
1175 1533 1333 1622 Quamo-
1395 1555 1400 1564 ·

132 1630 222 1702 brem
243 1651 316 1702 non
338 1627 458 1704 desunt
479 1625 599 1716 multi,
624 1625 681 1723 qui
703 1626 747 1701 ad
762 1627 978 1702 movendum
996 1625 1155 1703 sudorem
1178 1633 1250 1731 ejus
1273 1631 1334 1706 de·

127 1723 223 1800 cocto
236 1724 491 1802 familiarillimd
511 1741 660 1799 utuntur.
765 1764 768 1772 ·

538 1933 756 2010 Csrur
804 1932 915 2014 xnl

222 2119 301 2202 De
330 2113 535 2204 Meliloto,
549 2110 754 2228 AEgyptr'o
783 2111 1061 2200 Alchimrlech
1089 2131 1244 2202 vocato.

132 2331 559 2514 ALPIMMelilotus,
584 2359 652 2434 quo
667 2335 829 2434 AEgyptii
843 2325 1008 2428 utuntur,
1033 2321 1336 2416 senlen'rnmum

144 2471 147 2478 v
417 2431 468 2508 est
482 2435 667 2512 rotundum
677 2433 911 2534 ,subnigram
924 2434 1100 2510 declinans
1120 2437 1165 2512 ad
1178 2441 1337 2530 rubrum,

135 2526 238 2606 odoris
253 2555 327 2610 non
346 2535 489 2609 omnind
501 2555 654 2630 expers,
678 2534 797 2629 sapore
815 2529 854 2606 lli
881 2531 952 2606 tico
976 2555 1054 2606 curn
1073 2533 1185 2634 aliquo
1203 2560 1338 2610 amaro·
1475 2567 1478 2576 ¹

134 2645 177 2700 re.
223 2628 366 2722 Planta,
391 2655 464 2730 quae
482 2629 592 2752 ipsum
614 2631 795 2729 producit,
821 2557 879 2740 cli
891 2652 998 2740 parva
1019 2630 1126 2756 herbe
1145 2633 1242 2746 supra
1269 2654 1339 2710 ter-

135 2725 1164 2925 iitt‘lllls?’folldllllplllnlff'illlllluilnffl‘?
1179 2736 1337 2910 llll

137 2925 321 3017 preparvis
337 2923 476 3014 multis,
499 2923 625 3020 longis,
649 2925 779 2999 racemi
793 2927 900 3001 modo
917 2924 1104 3018 ordinatis,
1129 2930 1261 3006 croceis
1274 2987 1285 3022 ,
1298 2955 1339 3020 ο,
1445 2935 1452 2944 ’

136 3013 271 3113 dotatis,
298 3020 453 3121 ltquibus
468 3044 673 3120 promanant
688 3024 828 3124 siliqua,
852 3047 984 3120 parvae,
1009 3024 1174 3122 obliqua,
1198 3027 1337 3121 semen,

137 3117 224 3208 quale
239 3119 370 3195 ditium
387 3118 464 3210 est,
498 3123 726 3212 continentes,
777 3121 889 3221 liujus
914 3122 1037 3218 plantae
1055 3121 1185 3199 semina
1201 3144 1339 3202 tantum

138 3213 221 3303 apud
239 3216 312 3292 illos
332 3216 368 3292 in
392 3216 452 3292 usu
465 3215 623 3294 existunt.
673 3221 763 3310 Quae
793 3219 960 3316 putantii
1009 3221 1098 3298 uoad
1124 3223 1274 3300 calorem
1298 3223 1336 3302 ἃ

140 3301 351 3416 [ζίςίἀίῑαῑεηι
371 3313 440 3390 effe
458 3333 676 3414 temperata,
700 3316 759 3389 sed
779 3318 926 3405 ficeare,
950 3245 1139 3411 reiolvere,
1163 3345 1206 3398 ac
1227 3319 1337 3422 stipti-

140 3421 236 3510 51tate
252 3417 435 3506 roborare,
460 3436 506 3490 ex
521 3439 588 3513 quo
603 3415 645 3488 ad
666 3412 798 3510 hepatis
814 3434 966 3488 tumores
982 3414 1130 3512 ipsorum
1148 3419 1223 3495 usus
1245 3423 1336 3519 apud

139 3499 203 3610 tllos
221 3506 584 3611 cstfrequentiffimus:
609 3511 770 3611 quoniam
789 3511 859 3586 fine
883 3511 992 3612 aliqua
1010 3515 1222 3594 relaxatione
1237 3521 1336 3620 dige-

139 3615 196 3693 nt,
216 3605 256 3682 dr
271 3609 418 3690 resolvit
469 3611 525 3684 Ad
539 3633 660 3684 omnes
674 3632 808 3708 quoque
826 3611 990 3702 dolores,
1015 3613 1174 3712 quascum
1198 3643 1241 3694 ue
1259 3643 1337 3694 cor-

143 3699 224 3784 P⁰ris
241 3729 354 3802 partes
380 3721 591 3808 occupantes
610 3765 621 3797 ,
658 3707 820 3784 fomentis
838 3731 883 3783 ex
901 3707 1049 3806 ipsorum
1071 3645 1219 3792 decorio
1236 3736 1336 3794 utun·

143 3807 207 3908 ὢν,
229 3807 377 3892 maxime
405 3807 446 3882 ad
463 3805 655 3906 pleuritim,
681 3808 1025 3906 peripneumoniam,
1049 3809 1088 3887 dt
1115 3813 1158 3890 ad
1178 3816 1336 3912 hepatis,

146 3892 223 3984 ²0¹¹,
246 3899 482 3983 &ventriculi
505 3906 686 3998 dolorem3
724 3909 842 4005 quibus
862 3907 980 3982 dolore
996 3913 1130 3988 vexatis
1152 3969 1162 4003 ,
1186 3913 1335 4012 ipsorum

145 3981 315 4076 decoctum
329 4003 373 4082 ud
389 4003 510 4082 libram
528 4003 630 4081 bisin
648 4005 705 4082 die
725 4008 872 4082 calidum
888 4007 1020 4088 bibunt.
1072 4010 1233 4088 Mulieres
1251 4035 1336 4108 quo-

861 4103 900 4182 ll
992 4176 995 4184 ,
1267 4135 1334 4206 que
1488 4177 1503 4188 .
