<?xml version="1.0" encoding="UTF-8"?>
<!DOCTYPE html PUBLIC "-//W3C//DTD XHTML 1.0 Transitional//EN"
    "http://www.w3.org/TR/xhtml1/DTD/xhtml1-transitional.dtd">
<html xmlns="http://www.w3.org/1999/xhtml" xml:lang="en" lang="en">
 <head>
  <title>
</title>
<meta http-equiv="Content-Type" content="text/html;charset=utf-8" />
  <meta name='ocr-system' content='tesseract 3.04.00' />
  <meta name='ocr-capabilities' content='ocr_page ocr_carea ocr_par ocr_line ocrx_word'/>
</head>
<body>
  <div class='ocr_page' id='page_1' title='image "./prosperialpinim00veslgoog/prosperialpinim00veslgoog_0027.png"; bbox 0 0 3544 4592; ppageno 0'>
   <div class='ocr_carea' id='block_1_1' title="bbox 397 331 1404 424">
    <p class='ocr_par' dir='ltr' id='par_1_1' title="bbox 397 331 1404 424">
     <span class='ocr_line' id='line_1_1' title="bbox 397 331 1404 424; baseline 0.007 -15"><span class='ocrx_word' id='word_1_1' title='bbox 397 339 424 409; x_wconf 89' lang='grc'><strong><em>6</em></strong></span> <span class='ocrx_word' id='word_1_2' title='bbox 624 331 1404 424; x_wconf 54' lang='lat' dir='ltr'>monastiria-Larini</span> 
     </span>
    </p>
   </div>
   <div class='ocr_carea' id='block_1_2' title="bbox 396 510 1615 1302">
    <p class='ocr_par' dir='ltr' id='par_1_2' title="bbox 396 510 1615 1302">
     <span class='ocr_line' id='line_1_2' title="bbox 397 510 1611 622; baseline 0.014 -38"><span class='ocrx_word' id='word_1_3' title='bbox 397 529 480 584; x_wconf 89' lang='lat' dir='ltr'>nem</span> <span class='ocrx_word' id='word_1_4' title='bbox 498 527 668 584; x_wconf 86' lang='lat' dir='ltr'>movetur.</span> <span class='ocrx_word' id='word_1_5' title='bbox 720 510 874 585; x_wconf 90' lang='lat' dir='ltr'>Utuntur</span> <span class='ocrx_word' id='word_1_6' title='bbox 891 511 998 585; x_wconf 89' lang='lat' dir='ltr'>etiam</span> <span class='ocrx_word' id='word_1_7' title='bbox 1014 512 1049 586; x_wconf 91' lang='lat' dir='ltr'>iii</span> <span class='ocrx_word' id='word_1_8' title='bbox 1065 537 1187 588; x_wconf 87' lang='lat' dir='ltr'>renum</span> <span class='ocrx_word' id='word_1_9' title='bbox 1201 517 1528 606; x_wconf 83' lang='lat' dir='ltr'>inflammationibus</span> <span class='ocrx_word' id='word_1_10' title='bbox 1547 553 1611 622; x_wconf 66' lang='lat' dir='ltr'>eo„</span> 
     </span>
     <span class='ocr_line' id='line_1_3' title="bbox 397 605 1614 722; baseline 0.016 -41"><span class='ocrx_word' id='word_1_11' title='bbox 397 605 487 682; x_wconf 87' lang='lat' dir='ltr'>intus</span> <span class='ocrx_word' id='word_1_12' title='bbox 523 631 686 706; x_wconf 81' lang='lat' dir='ltr'>extraque</span> <span class='ocrx_word' id='word_1_13' title='bbox 721 611 885 706; x_wconf 88' lang='lat' dir='ltr'>apposito.</span> <span class='ocrx_word' id='word_1_14' title='bbox 937 611 994 684; x_wconf 87' lang='lat' dir='ltr'>Ad</span> <span class='ocrx_word' id='word_1_15' title='bbox 1027 613 1217 708; x_wconf 83' lang='lat' dir='ltr'>tussientes,</span> <span class='ocrx_word' id='word_1_16' title='bbox 1249 617 1468 706; x_wconf 82' lang='lat' dir='ltr'>alllimaticos</span> <span class='ocrx_word' id='word_1_17' title='bbox 1503 627 1614 722; x_wconf 89' lang='lat' dir='ltr'>ipsum</span> 
     </span>
     <span class='ocr_line' id='line_1_4' title="bbox 396 707 1613 819; baseline 0.016 -38"><span class='ocrx_word' id='word_1_18' title='bbox 396 730 468 787; x_wconf 92' lang='lat' dir='ltr'>non</span> <span class='ocrx_word' id='word_1_19' title='bbox 493 707 587 781; x_wconf 90' lang='lat' dir='ltr'>secus</span> <span class='ocrx_word' id='word_1_20' title='bbox 613 711 712 805; x_wconf 70' lang='lat' dir='ltr'>quiin</span> <span class='ocrx_word' id='word_1_21' title='bbox 733 711 868 784; x_wconf 86' lang='lat' dir='ltr'>cassiani</span> <span class='ocrx_word' id='word_1_22' title='bbox 891 707 1076 801; x_wconf 76' lang='lat' dir='ltr'>exhibent,</span> <span class='ocrx_word' id='word_1_23' title='bbox 1103 713 1270 813; x_wconf 87' lang='lat' dir='ltr'>valdeque</span> <span class='ocrx_word' id='word_1_24' title='bbox 1290 721 1379 815; x_wconf 87' lang='lat' dir='ltr'>ipsos</span> <span class='ocrx_word' id='word_1_25' title='bbox 1399 722 1516 819; x_wconf 73' lang='lat' dir='ltr'>juvat,</span> <span class='ocrx_word' id='word_1_26' title='bbox 1540 750 1613 800; x_wconf 92' lang='lat' dir='ltr'>non</span> 
     </span>
     <span class='ocr_line' id='line_1_5' title="bbox 397 804 1612 913; baseline 0.016 -36"><span class='ocrx_word' id='word_1_27' title='bbox 397 807 508 886; x_wconf 84' lang='lat' dir='ltr'>minus</span> <span class='ocrx_word' id='word_1_28' title='bbox 537 804 721 881; x_wconf 71' lang='lat' dir='ltr'>decorum</span> <span class='ocrx_word' id='word_1_29' title='bbox 747 833 792 884; x_wconf 91' lang='lat' dir='ltr'>eii</span> <span class='ocrx_word' id='word_1_30' title='bbox 816 809 936 906; x_wconf 89' lang='lat' dir='ltr'>siliquis</span> <span class='ocrx_word' id='word_1_31' title='bbox 955 831 1111 904; x_wconf 88' lang='lat' dir='ltr'>paratum</span> <span class='ocrx_word' id='word_1_32' title='bbox 1121 813 1254 900; x_wconf 68' lang='lat' dir='ltr'>veadem</span> <span class='ocrx_word' id='word_1_33' title='bbox 1277 816 1350 892; x_wconf 82' lang='lat' dir='ltr'>liarc</span> <span class='ocrx_word' id='word_1_34' title='bbox 1370 817 1515 913; x_wconf 81' lang='lat' dir='ltr'>praeslat</span> <span class='ocrx_word' id='word_1_35' title='bbox 1563 827 1612 897; x_wconf 82' lang='lat' dir='ltr'>At</span> 
     </span>
     <span class='ocr_line' id='line_1_6' title="bbox 397 903 1615 1015; baseline 0.013 -38"><span class='ocrx_word' id='word_1_36' title='bbox 397 904 505 978; x_wconf 87' lang='lat' dir='ltr'>modo</span> <span class='ocrx_word' id='word_1_37' title='bbox 531 904 575 978; x_wconf 92' lang='lat' dir='ltr'>de</span> <span class='ocrx_word' id='word_1_38' title='bbox 595 903 688 1001; x_wconf 90' lang='lat' dir='ltr'>spina</span> <span class='ocrx_word' id='word_1_39' title='bbox 696 906 890 1006; x_wconf 84' lang='lat' dir='ltr'>AEgyptia,</span> <span class='ocrx_word' id='word_1_40' title='bbox 905 908 1023 982; x_wconf 86' lang='lat' dir='ltr'>acacia</span> <span class='ocrx_word' id='word_1_41' title='bbox 1039 933 1185 1002; x_wconf 87' lang='lat' dir='ltr'>vocata,</span> <span class='ocrx_word' id='word_1_42' title='bbox 1204 915 1317 990; x_wconf 87' lang='lat' dir='ltr'>multis</span> <span class='ocrx_word' id='word_1_43' title='bbox 1332 915 1495 992; x_wconf 71' lang='lat' dir='ltr'>haetenus</span> <span class='ocrx_word' id='word_1_44' title='bbox 1516 918 1615 1015; x_wconf 83' lang='lat' dir='ltr'>igno·</span> 
     </span>
     <span class='ocr_line' id='line_1_7' title="bbox 397 1006 1615 1100; baseline 0.011 -24"><span class='ocrx_word' id='word_1_45' title='bbox 397 1021 433 1076; x_wconf 81' lang='lat' dir='ltr'>ta</span> <span class='ocrx_word' id='word_1_46' title='bbox 466 1007 654 1100; x_wconf 87' lang='lat' dir='ltr'><strong>loquamur.</strong></span> <span class='ocrx_word' id='word_1_47' title='bbox 705 1006 1006 1084; x_wconf 79' lang='lat' dir='ltr'>GUsLiliNl).</span> <span class='ocrx_word' id='word_1_48' title='bbox 1056 1009 1149 1082; x_wconf 89' lang='lat' dir='ltr'>Niliil</span> <span class='ocrx_word' id='word_1_49' title='bbox 1183 1013 1268 1088; x_wconf 84' lang='lat' dir='ltr'>milii</span> <span class='ocrx_word' id='word_1_50' title='bbox 1294 1015 1402 1088; x_wconf 88' lang='lat' dir='ltr'>carius</span> <span class='ocrx_word' id='word_1_51' title='bbox 1427 1013 1496 1088; x_wconf 89' lang='lat' dir='ltr'>esse</span> <span class='ocrx_word' id='word_1_52' title='bbox 1522 1039 1615 1090; x_wconf 89' lang='lat' dir='ltr'>nunc</span> 
     </span>
     <span class='ocr_line' id='line_1_8' title="bbox 396 1102 1611 1210; baseline 0.013 -36"><span class='ocrx_word' id='word_1_53' title='bbox 396 1102 544 1198; x_wconf 86' lang='lat' dir='ltr'>poterit,</span> <span class='ocrx_word' id='word_1_54' title='bbox 573 1107 673 1200; x_wconf 70' lang='lat' dir='ltr'>quini</span> <span class='ocrx_word' id='word_1_55' title='bbox 684 1124 721 1178; x_wconf 85' lang='lat' dir='ltr'>te</span> <span class='ocrx_word' id='word_1_56' title='bbox 736 1105 781 1180; x_wconf 86' lang='lat' dir='ltr'>dc</span> <span class='ocrx_word' id='word_1_57' title='bbox 800 1106 864 1180; x_wconf 83' lang='lat' dir='ltr'>liat</span> <span class='ocrx_word' id='word_1_58' title='bbox 880 1105 997 1201; x_wconf 89' lang='lat' dir='ltr'>planta</span> <span class='ocrx_word' id='word_1_59' title='bbox 1022 1107 1197 1186; x_wconf 80' lang='lat' dir='ltr'>dicentem</span> <span class='ocrx_word' id='word_1_60' title='bbox 1224 1114 1360 1206; x_wconf 87' lang='lat' dir='ltr'>audire,</span> <span class='ocrx_word' id='word_1_61' title='bbox 1384 1136 1489 1210; x_wconf 90' lang='lat' dir='ltr'>quein</span> <span class='ocrx_word' id='word_1_62' title='bbox 1512 1118 1611 1209; x_wconf 74' lang='lat' dir='ltr'>plane</span> 
     </span>
     <span class='ocr_line' id='line_1_9' title="bbox 397 1198 1390 1302; baseline 0.014 -29"><span class='ocrx_word' id='word_1_63' title='bbox 397 1199 432 1274; x_wconf 92' lang='lat' dir='ltr'>in</span> <span class='ocrx_word' id='word_1_64' title='bbox 458 1198 517 1274; x_wconf 86' lang='lat' dir='ltr'>illis</span> <span class='ocrx_word' id='word_1_65' title='bbox 543 1201 626 1276; x_wconf 90' lang='lat' dir='ltr'>locis</span> <span class='ocrx_word' id='word_1_66' title='bbox 651 1205 723 1302; x_wconf 85' lang='lat' dir='ltr'>ejus</span> <span class='ocrx_word' id='word_1_67' title='bbox 748 1203 1155 1302; x_wconf 73' lang='lat' dir='ltr'>veritatemcognouisse</span> <span class='ocrx_word' id='word_1_68' title='bbox 1179 1207 1260 1292; x_wconf 81' lang='lat' dir='ltr'>scio.</span> <span class='ocrx_word' id='word_1_69' title='bbox 1340 1209 1342 1215; x_wconf 74' lang='grc'>’</span> <span class='ocrx_word' id='word_1_70' title='bbox 1385 1201 1390 1224; x_wconf 77' lang='grc'><strong>’</strong></span> 
     </span>
    </p>
   </div>
   <div class='ocr_carea' id='block_1_3' title="bbox 842 1413 1183 1492">
    <p class='ocr_par' dir='ltr' id='par_1_3' title="bbox 842 1413 1183 1492">
     <span class='ocr_line' id='line_1_10' title="bbox 842 1413 1183 1492; baseline 0.006 -2"><span class='ocrx_word' id='word_1_71' title='bbox 842 1413 1183 1492; x_wconf 51' lang='grc' dir='ltr'>Οιέυτῐῐ</span> 
     </span>
    </p>
   </div>
   <div class='ocr_carea' id='block_1_4' title="bbox 336 1587 1615 1953">
    <p class='ocr_par' dir='ltr' id='par_1_4' title="bbox 336 1587 1615 1953">
     <span class='ocr_line' id='line_1_11' title="bbox 336 1587 1273 1724; baseline 0.004 -54"><span class='ocrx_word' id='word_1_72' title='bbox 336 1701 345 1715; x_wconf 30' lang='grc' dir='ltr'>ι</span> <span class='ocrx_word' id='word_1_73' title='bbox 411 1657 416 1666; x_wconf 93' lang='grc'>.</span> <span class='ocrx_word' id='word_1_74' title='bbox 835 1592 944 1724; x_wconf 61' lang='grc' dir='ltr'>Φθ</span> <span class='ocrx_word' id='word_1_75' title='bbox 974 1587 1140 1684; x_wconf 67' lang='lat' dir='ltr'>Aeacii,</span> <span class='ocrx_word' id='word_1_76' title='bbox 1269 1675 1273 1682; x_wconf 81' lang='grc'><em>,</em></span> 
     </span>
     <span class='ocr_line' id='line_1_12' title="bbox 399 1775 1615 1953; baseline 0 -101"><span class='ocrx_word' id='word_1_77' title='bbox 399 1775 558 1854; x_wconf 84' lang='lat' dir='ltr'><strong>ALPIN.</strong></span> <span class='ocrx_word' id='word_1_78' title='bbox 588 1778 805 1953; x_wconf 74' lang='lat' dir='ltr'>Aeaeis,</span> <span class='ocrx_word' id='word_1_79' title='bbox 831 1802 934 1876; x_wconf 89' lang='lat' dir='ltr'>quani</span> <span class='ocrx_word' id='word_1_80' title='bbox 952 1781 1037 1854; x_wconf 88' lang='lat' dir='ltr'>Sarit</span> <span class='ocrx_word' id='word_1_81' title='bbox 1053 1777 1215 1880; x_wconf 80' lang='lat' dir='ltr'>AEgyptii</span> <span class='ocrx_word' id='word_1_82' title='bbox 1229 1781 1424 1891; x_wconf 72' lang='lat' dir='ltr'>appellarit,</span> <span class='ocrx_word' id='word_1_83' title='bbox 1449 1788 1484 1861; x_wconf 91' lang='lat' dir='ltr'>iii</span> <span class='ocrx_word' id='word_1_84' title='bbox 1503 1789 1615 1888; x_wconf 70' lang='lat' dir='ltr'><strong>AEgy.</strong></span> 
     </span>
    </p>
   </div>
   <div class='ocr_carea' id='block_1_5' title="bbox 342 1877 1616 2346">
    <p class='ocr_par' dir='ltr' id='par_1_5' title="bbox 342 1877 1616 2346">
     <span class='ocr_line' id='line_1_13' title="bbox 660 1877 1613 1983; baseline 0.01 -33"><span class='ocrx_word' id='word_1_85' title='bbox 660 1958 663 1972; x_wconf 50' lang='grc'>,</span> <span class='ocrx_word' id='word_1_86' title='bbox 704 1879 756 1976; x_wconf 93' lang='lat' dir='ltr'>pti</span> <span class='ocrx_word' id='word_1_87' title='bbox 775 1877 859 1952; x_wconf 84' lang='lat' dir='ltr'>locis</span> <span class='ocrx_word' id='word_1_88' title='bbox 876 1882 896 1950; x_wconf 76' lang='lat' dir='ltr'>&#39;a</span> <span class='ocrx_word' id='word_1_89' title='bbox 911 1901 1008 1951; x_wconf 85' lang='lat' dir='ltr'>mare</span> <span class='ocrx_word' id='word_1_90' title='bbox 1023 1881 1166 1952; x_wconf 85' lang='lat' dir='ltr'>remotis</span> <span class='ocrx_word' id='word_1_91' title='bbox 1183 1877 1351 1976; x_wconf 78' lang='lat' dir='ltr'>nascitur:</span> <span class='ocrx_word' id='word_1_92' title='bbox 1378 1879 1538 1983; x_wconf 76' lang='lat' dir='ltr'>tuqusque</span> <span class='ocrx_word' id='word_1_93' title='bbox 1560 1911 1613 1960; x_wconf 88' lang='lat' dir='ltr'>ar·</span> 
     </span>
     <span class='ocr_line' id='line_1_14' title="bbox 342 1965 1616 2079; baseline 0.005 -29"><span class='ocrx_word' id='word_1_94' title='bbox 342 2037 359 2072; x_wconf 76' lang='grc'>,</span> <span class='ocrx_word' id='word_1_95' title='bbox 398 1977 500 2050; x_wconf 90' lang='lat' dir='ltr'>bores</span> <span class='ocrx_word' id='word_1_96' title='bbox 517 1975 799 2074; x_wconf 72' lang='lat' dir='ltr'>copiosissimam</span> <span class='ocrx_word' id='word_1_97' title='bbox 810 1975 982 2064; x_wconf 80' lang='lat' dir='ltr'>montibus</span> <span class='ocrx_word' id='word_1_98' title='bbox 1006 1977 1130 2074; x_wconf 85' lang='lat' dir='ltr'>Syriai,</span> <span class='ocrx_word' id='word_1_99' title='bbox 1149 2001 1259 2076; x_wconf 84' lang='lat' dir='ltr'>penes</span> <span class='ocrx_word' id='word_1_100' title='bbox 1266 1965 1422 2074; x_wconf 79' lang='lat' dir='ltr'>Rubrum</span> <span class='ocrx_word' id='word_1_101' title='bbox 1438 2008 1535 2076; x_wconf 78' lang='lat' dir='ltr'>utare</span> <span class='ocrx_word' id='word_1_102' title='bbox 1552 2009 1616 2079; x_wconf 77' lang='lat' dir='ltr'>pu-</span> 
     </span>
     <span class='ocr_line' id='line_1_15' title="bbox 400 2069 1614 2178; baseline 0.01 -33"><span class='ocrx_word' id='word_1_103' title='bbox 400 2069 469 2166; x_wconf 82' lang='lat' dir='ltr'>sitis</span> <span class='ocrx_word' id='word_1_104' title='bbox 484 2075 704 2174; x_wconf 78' lang='lat' dir='ltr'>proveniunt.</span> <span class='ocrx_word' id='word_1_105' title='bbox 729 2073 963 2172; x_wconf 78' lang='lat' dir='ltr'>Crescuutque</span> <span class='ocrx_word' id='word_1_106' title='bbox 973 2073 1023 2148; x_wconf 87' lang='lat' dir='ltr'>ad</span> <span class='ocrx_word' id='word_1_107' title='bbox 1033 2075 1123 2150; x_wconf 87' lang='lat' dir='ltr'>mori</span> <span class='ocrx_word' id='word_1_108' title='bbox 1139 2076 1409 2176; x_wconf 84' lang='lat' dir='ltr'>magnitudinem</span> <span class='ocrx_word' id='word_1_109' title='bbox 1419 2083 1614 2178; x_wconf 82' lang='lat' dir='ltr'>,ramosque</span> 
     </span>
     <span class='ocr_line' id='line_1_16' title="bbox 399 2169 1614 2346; baseline 0.007 -103"><span class='ocrx_word' id='word_1_110' title='bbox 399 2169 521 2246; x_wconf 87' lang='lat' dir='ltr'>sursum</span> <span class='ocrx_word' id='word_1_111' title='bbox 552 2173 650 2248; x_wconf 86' lang='lat' dir='ltr'>satiris</span> <span class='ocrx_word' id='word_1_112' title='bbox 667 2177 924 2272; x_wconf 61' lang='lat' dir='ltr'>expandentem</span> <span class='ocrx_word' id='word_1_113' title='bbox 937 2170 1032 2346; x_wconf 59' lang='lat' dir='ltr'>quod</span> <span class='ocrx_word' id='word_1_114' title='bbox 1049 2174 1154 2266; x_wconf 80' lang='lat' dir='ltr'>etiarn</span> <span class='ocrx_word' id='word_1_115' title='bbox 1172 2173 1393 2252; x_wconf 78' lang='lat' dir='ltr'>Dioscorides</span> <span class='ocrx_word' id='word_1_116' title='bbox 1415 2179 1614 2270; x_wconf 81' lang='lat' dir='ltr'>arlrnonuit,</span> 
     </span>
    </p>
   </div>
   <div class='ocr_carea' id='block_1_6' title="bbox 306 2261 1620 3853">
    <p class='ocr_par' dir='ltr' id='par_1_6' title="bbox 306 2261 1620 3853">
     <span class='ocr_line' id='line_1_17' title="bbox 400 2261 1616 2376; baseline 0.011 -35"><span class='ocrx_word' id='word_1_117' title='bbox 400 2269 536 2346; x_wconf 88' lang='lat' dir='ltr'>dicens:</span> <span class='ocrx_word' id='word_1_118' title='bbox 564 2261 722 2346; x_wconf 86' lang='lat' dir='ltr'>arborem</span> <span class='ocrx_word' id='word_1_119' title='bbox 746 2271 870 2348; x_wconf 91' lang='lat' dir='ltr'>nonin</span> <span class='ocrx_word' id='word_1_120' title='bbox 899 2298 935 2364; x_wconf 90' lang='lat' dir='ltr'>ie</span> <span class='ocrx_word' id='word_1_121' title='bbox 973 2297 1029 2346; x_wconf 90' lang='lat' dir='ltr'>uni</span> <span class='ocrx_word' id='word_1_122' title='bbox 1056 2265 1090 2346; x_wconf 88' lang='lat' dir='ltr'>se</span> <span class='ocrx_word' id='word_1_123' title='bbox 1111 2275 1278 2372; x_wconf 78' lang='lat' dir='ltr'>attollere.</span> <span class='ocrx_word' id='word_1_124' title='bbox 1328 2275 1471 2370; x_wconf 83' lang='lat' dir='ltr'>Caudex</span> <span class='ocrx_word' id='word_1_125' title='bbox 1488 2296 1616 2376; x_wconf 72' lang='lat' dir='ltr'>quauta</span> 
     </span>
     <span class='ocr_line' id='line_1_18' title="bbox 400 2365 1615 2483; baseline 0.007 -43"><span class='ocrx_word' id='word_1_126' title='bbox 400 2365 452 2440; x_wconf 89' lang='lat' dir='ltr'>est</span> <span class='ocrx_word' id='word_1_127' title='bbox 475 2371 574 2466; x_wconf 88' lang='lat' dir='ltr'>pruni</span> <span class='ocrx_word' id='word_1_128' title='bbox 598 2372 800 2483; x_wconf 73' lang='lat' dir='ltr'>magnitudo</span> <span class='ocrx_word' id='word_1_129' title='bbox 827 2371 977 2445; x_wconf 88' lang='lat' dir='ltr'>cernitur</span> <span class='ocrx_word' id='word_1_130' title='bbox 995 2371 1231 2470; x_wconf 85' lang='lat' dir='ltr'>corticemque</span> <span class='ocrx_word' id='word_1_131' title='bbox 1255 2371 1360 2446; x_wconf 86' lang='lat' dir='ltr'>habet</span> <span class='ocrx_word' id='word_1_132' title='bbox 1383 2375 1540 2473; x_wconf 84' lang='lat' dir='ltr'>nigrum,</span> <span class='ocrx_word' id='word_1_133' title='bbox 1565 2374 1615 2448; x_wconf 85' lang='lat' dir='ltr'>as-</span> 
     </span>
     <span class='ocr_line' id='line_1_19' title="bbox 399 2468 1614 2570; baseline 0.004 -29"><span class='ocrx_word' id='word_1_134' title='bbox 399 2491 552 2562; x_wconf 89' lang='lat' dir='ltr'>perum,</span> <span class='ocrx_word' id='word_1_135' title='bbox 577 2469 690 2544; x_wconf 88' lang='lat' dir='ltr'>multis</span> <span class='ocrx_word' id='word_1_136' title='bbox 714 2470 906 2555; x_wconf 77' lang='lat' dir='ltr'>acutissimis</span> <span class='ocrx_word' id='word_1_137' title='bbox 936 2468 1041 2566; x_wconf 75' lang='lat' dir='ltr'>spinis</span> <span class='ocrx_word' id='word_1_138' title='bbox 1057 2471 1241 2566; x_wconf 81' lang='lat' dir='ltr'>munitum.</span> <span class='ocrx_word' id='word_1_139' title='bbox 1291 2469 1461 2562; x_wconf 86' lang='lat' dir='ltr'>Arbores,</span> <span class='ocrx_word' id='word_1_140' title='bbox 1483 2499 1555 2570; x_wconf 84' lang='lat' dir='ltr'>quae</span> <span class='ocrx_word' id='word_1_141' title='bbox 1578 2472 1614 2546; x_wconf 95' lang='lat' dir='ltr'>iii</span> 
     </span>
     <span class='ocr_line' id='line_1_20' title="bbox 399 2560 1616 2667; baseline 0.004 -28"><span class='ocrx_word' id='word_1_142' title='bbox 399 2567 569 2662; x_wconf 72' lang='lat' dir='ltr'>praedislis</span> <span class='ocrx_word' id='word_1_143' title='bbox 598 2570 771 2662; x_wconf 87' lang='lat' dir='ltr'>montibus</span> <span class='ocrx_word' id='word_1_144' title='bbox 804 2560 1020 2667; x_wconf 73' lang='lat' dir='ltr'>sp&#39;esiantur‚</span> <span class='ocrx_word' id='word_1_145' title='bbox 1050 2566 1150 2666; x_wconf 86' lang='lat' dir='ltr'>spinis</span> <span class='ocrx_word' id='word_1_146' title='bbox 1175 2569 1257 2643; x_wconf 88' lang='lat' dir='ltr'>albis</span> <span class='ocrx_word' id='word_1_147' title='bbox 1289 2567 1517 2656; x_wconf 82' lang='lat' dir='ltr'>horridilsunae</span> <span class='ocrx_word' id='word_1_148' title='bbox 1542 2570 1616 2661; x_wconf 85' lang='lat' dir='ltr'>eiii-</span> 
     </span>
     <span class='ocr_line' id='line_1_21' title="bbox 400 2659 1615 2764; baseline 0.003 -28"><span class='ocrx_word' id='word_1_149' title='bbox 400 2659 510 2753; x_wconf 80' lang='lat' dir='ltr'>sttint,</span> <span class='ocrx_word' id='word_1_150' title='bbox 537 2665 788 2764; x_wconf 80' lang='lat' dir='ltr'>asperrimoque</span> <span class='ocrx_word' id='word_1_151' title='bbox 820 2669 952 2743; x_wconf 68' lang='lat' dir='ltr'>cortice*</span> <span class='ocrx_word' id='word_1_152' title='bbox 968 2687 1105 2741; x_wconf 88' lang='lat' dir='ltr'>truncus</span> <span class='ocrx_word' id='word_1_153' title='bbox 1133 2667 1310 2742; x_wconf 85' lang='lat' dir='ltr'>cernitur:</span> <span class='ocrx_word' id='word_1_154' title='bbox 1335 2667 1432 2740; x_wconf 82' lang='lat' dir='ltr'>Folia</span> <span class='ocrx_word' id='word_1_155' title='bbox 1448 2671 1615 2764; x_wconf 81' lang='lat' dir='ltr'>oblonga,</span> 
     </span>
     <span class='ocr_line' id='line_1_22' title="bbox 399 2764 1614 2860; baseline 0.005 -26"><span class='ocrx_word' id='word_1_156' title='bbox 399 2787 507 2858; x_wconf 83' lang='lat' dir='ltr'>parva</span> <span class='ocrx_word' id='word_1_157' title='bbox 534 2765 750 2840; x_wconf 75' lang='lat' dir='ltr'>minutissime</span> <span class='ocrx_word' id='word_1_158' title='bbox 772 2765 876 2838; x_wconf 90' lang='lat' dir='ltr'>incisa</span> <span class='ocrx_word' id='word_1_159' title='bbox 902 2767 1025 2855; x_wconf 83' lang='lat' dir='ltr'>habet,</span> <span class='ocrx_word' id='word_1_160' title='bbox 1049 2765 1202 2839; x_wconf 88' lang='lat' dir='ltr'>tanaceti</span> <span class='ocrx_word' id='word_1_161' title='bbox 1222 2764 1402 2860; x_wconf 84' lang='lat' dir='ltr'>proxima,</span> <span class='ocrx_word' id='word_1_162' title='bbox 1437 2765 1476 2841; x_wconf 75' lang='lat' dir='ltr'>nr</span> <span class='ocrx_word' id='word_1_163' title='bbox 1496 2767 1614 2840; x_wconf 86' lang='lat' dir='ltr'>Flores</span> 
     </span>
     <span class='ocr_line' id='line_1_23' title="bbox 400 2861 1616 2958; baseline 0.001 -24"><span class='ocrx_word' id='word_1_164' title='bbox 400 2883 546 2957; x_wconf 84' lang='lat' dir='ltr'>parvos,</span> <span class='ocrx_word' id='word_1_165' title='bbox 572 2861 715 2958; x_wconf 91' lang='lat' dir='ltr'>pallidos</span> <span class='ocrx_word' id='word_1_166' title='bbox 740 2861 928 2951; x_wconf 85' lang='lat' dir='ltr'>subflavos,</span> <span class='ocrx_word' id='word_1_167' title='bbox 957 2883 1060 2957; x_wconf 90' lang='lat' dir='ltr'>atque</span> <span class='ocrx_word' id='word_1_168' title='bbox 1082 2864 1187 2934; x_wconf 86' lang='lat' dir='ltr'>etiarn</span> <span class='ocrx_word' id='word_1_169' title='bbox 1210 2861 1303 2936; x_wconf 85' lang='lat' dir='ltr'>albos</span> <span class='ocrx_word' id='word_1_170' title='bbox 1328 2865 1512 2951; x_wconf 86' lang='lat' dir='ltr'>ronindos,</span> <span class='ocrx_word' id='word_1_171' title='bbox 1538 2889 1616 2950; x_wconf 76' lang='lat' dir='ltr'>par-</span> 
     </span>
     <span class='ocr_line' id='line_1_24' title="bbox 402 2957 1618 3057; baseline 0.005 -25"><span class='ocrx_word' id='word_1_172' title='bbox 402 2983 466 3033; x_wconf 87' lang='lat' dir='ltr'>vos</span> <span class='ocrx_word' id='word_1_173' title='bbox 495 2963 578 3035; x_wconf 79' lang='lat' dir='ltr'>lana</span> <span class='ocrx_word' id='word_1_174' title='bbox 599 2961 729 3038; x_wconf 85' lang='lat' dir='ltr'>floccos</span> <span class='ocrx_word' id='word_1_175' title='bbox 754 2960 945 3050; x_wconf 84' lang='lat' dir='ltr'>imitantes,</span> <span class='ocrx_word' id='word_1_176' title='bbox 962 2960 1097 3057; x_wconf 78' lang='lat' dir='ltr'>platani</span> <span class='ocrx_word' id='word_1_177' title='bbox 1112 2957 1275 3035; x_wconf 74' lang='lat' dir='ltr'>frufflbus</span> <span class='ocrx_word' id='word_1_178' title='bbox 1287 2957 1400 3034; x_wconf 83' lang='lat' dir='ltr'>surina</span> <span class='ocrx_word' id='word_1_179' title='bbox 1410 2960 1512 3056; x_wconf 86' lang='lat' dir='ltr'>plane</span> <span class='ocrx_word' id='word_1_180' title='bbox 1527 2960 1618 3038; x_wconf 89' lang='lat' dir='ltr'>simi·</span> 
     </span>
     <span class='ocr_line' id='line_1_25' title="bbox 402 3059 1616 3160; baseline 0.002 -29"><span class='ocrx_word' id='word_1_181' title='bbox 402 3060 470 3149; x_wconf 82' lang='lat' dir='ltr'>les,</span> <span class='ocrx_word' id='word_1_182' title='bbox 493 3059 544 3132; x_wconf 87' lang='lat' dir='ltr'>his</span> <span class='ocrx_word' id='word_1_183' title='bbox 572 3081 689 3136; x_wconf 90' lang='lat' dir='ltr'>tamen</span> <span class='ocrx_word' id='word_1_184' title='bbox 708 3063 810 3160; x_wconf 85' lang='lat' dir='ltr'>longe</span> <span class='ocrx_word' id='word_1_185' title='bbox 828 3061 997 3148; x_wconf 88' lang='lat' dir='ltr'>minores,</span> <span class='ocrx_word' id='word_1_186' title='bbox 1017 3059 1055 3134; x_wconf 77' lang='lat' dir='ltr'>dt</span> <span class='ocrx_word' id='word_1_187' title='bbox 1073 3059 1153 3132; x_wconf 91' lang='lat' dir='ltr'>niliil</span> <span class='ocrx_word' id='word_1_188' title='bbox 1172 3059 1260 3134; x_wconf 85' lang='lat' dir='ltr'>aliud</span> <span class='ocrx_word' id='word_1_189' title='bbox 1280 3061 1343 3134; x_wconf 80' lang='lat' dir='ltr'>slot</span> <span class='ocrx_word' id='word_1_190' title='bbox 1361 3059 1499 3158; x_wconf 86' lang='lat' dir='ltr'>hujusce</span> <span class='ocrx_word' id='word_1_191' title='bbox 1517 3076 1616 3133; x_wconf 79' lang='lat' dir='ltr'>artio-</span> 
     </span>
     <span class='ocr_line' id='line_1_26' title="bbox 403 3157 1617 3328; baseline 0 -97"><span class='ocrx_word' id='word_1_192' title='bbox 403 3159 449 3232; x_wconf 86' lang='lat' dir='ltr'>ris</span> <span class='ocrx_word' id='word_1_193' title='bbox 472 3159 633 3258; x_wconf 83' lang='lat' dir='ltr'>videtur,</span> <span class='ocrx_word' id='word_1_194' title='bbox 660 3163 761 3262; x_wconf 68' lang='lat' dir='ltr'>quiin</span> <span class='ocrx_word' id='word_1_195' title='bbox 788 3158 895 3232; x_wconf 90' lang='lat' dir='ltr'>mollis</span> <span class='ocrx_word' id='word_1_196' title='bbox 922 3159 1044 3328; x_wconf 68' lang='lat' dir='ltr'>lanuqo</span> <span class='ocrx_word' id='word_1_197' title='bbox 1063 3181 1206 3253; x_wconf 83' lang='lat' dir='ltr'>paruum</span> <span class='ocrx_word' id='word_1_198' title='bbox 1229 3157 1480 3254; x_wconf 82' lang='lat' dir='ltr'>rotundumque</span> <span class='ocrx_word' id='word_1_199' title='bbox 1496 3158 1617 3263; x_wconf 75' lang='lat' dir='ltr'>globu-</span> 
     </span>
     <span class='ocr_line' id='line_1_27' title="bbox 306 3253 1615 3358; baseline -0.003 -26"><span class='ocrx_word' id='word_1_200' title='bbox 306 3253 313 3268; x_wconf 86' lang='lat'><em>&#39;</em></span> <span class='ocrx_word' id='word_1_201' title='bbox 401 3258 473 3332; x_wconf 88' lang='lat' dir='ltr'>lum</span> <span class='ocrx_word' id='word_1_202' title='bbox 503 3257 708 3351; x_wconf 78' lang='lat' dir='ltr'>efformari,</span> <span class='ocrx_word' id='word_1_203' title='bbox 730 3281 800 3334; x_wconf 92' lang='lat' dir='ltr'>non</span> <span class='ocrx_word' id='word_1_204' title='bbox 827 3256 950 3358; x_wconf 79' lang='lat' dir='ltr'>ingrati</span> <span class='ocrx_word' id='word_1_205' title='bbox 976 3257 1011 3329; x_wconf 91' lang='lat' dir='ltr'>el</span> <span class='ocrx_word' id='word_1_206' title='bbox 1053 3255 1178 3330; x_wconf 87' lang='lat' dir='ltr'>odoris.</span> <span class='ocrx_word' id='word_1_207' title='bbox 1231 3253 1320 3348; x_wconf 84' lang='lat' dir='ltr'>Quae</span> <span class='ocrx_word' id='word_1_208' title='bbox 1340 3253 1443 3352; x_wconf 87' lang='lat' dir='ltr'>Cayn&#39;</span> <span class='ocrx_word' id='word_1_209' title='bbox 1465 3259 1615 3348; x_wconf 85' lang='lat' dir='ltr'>aluntur,</span> 
     </span>
     <span class='ocr_line' id='line_1_28' title="bbox 404 3351 1616 3454; baseline 0 -26"><span class='ocrx_word' id='word_1_210' title='bbox 404 3356 506 3431; x_wconf 79' lang='lat' dir='ltr'>slores</span> <span class='ocrx_word' id='word_1_211' title='bbox 522 3357 650 3432; x_wconf 89' lang='lat' dir='ltr'>habent</span> <span class='ocrx_word' id='word_1_212' title='bbox 667 3359 775 3433; x_wconf 84' lang='lat' dir='ltr'>flavos</span> <span class='ocrx_word' id='word_1_213' title='bbox 795 3357 850 3432; x_wconf 83' lang='lat' dir='ltr'>vel</span> <span class='ocrx_word' id='word_1_214' title='bbox 867 3355 1028 3454; x_wconf 85' lang='lat' dir='ltr'>pallidos,</span> <span class='ocrx_word' id='word_1_215' title='bbox 1050 3353 1089 3432; x_wconf 75' lang='lat' dir='ltr'>dt</span> <span class='ocrx_word' id='word_1_216' title='bbox 1107 3351 1268 3452; x_wconf 79' lang='lat' dir='ltr'>quaesunt</span> <span class='ocrx_word' id='word_1_217' title='bbox 1288 3354 1323 3426; x_wconf 91' lang='lat' dir='ltr'>in</span> <span class='ocrx_word' id='word_1_218' title='bbox 1337 3354 1512 3428; x_wconf 87' lang='lat' dir='ltr'>montibus</span> <span class='ocrx_word' id='word_1_219' title='bbox 1529 3356 1616 3428; x_wconf 75' lang='lat' dir='ltr'>iira-</span> 
     </span>
     <span class='ocr_line' id='line_1_29' title="bbox 405 3451 1612 3566; baseline -0.002 -39"><span class='ocrx_word' id='word_1_220' title='bbox 405 3453 605 3545; x_wconf 78' lang='lat' dir='ltr'>bioe,albos.</span> <span class='ocrx_word' id='word_1_221' title='bbox 634 3455 690 3532; x_wconf 81' lang='lat' dir='ltr'>Ex</span> <span class='ocrx_word' id='word_1_222' title='bbox 709 3457 850 3534; x_wconf 90' lang='lat' dir='ltr'>floribus</span> <span class='ocrx_word' id='word_1_223' title='bbox 872 3455 992 3554; x_wconf 74' lang='lat' dir='ltr'>siliqua</span> <span class='ocrx_word' id='word_1_224' title='bbox 1013 3455 1212 3566; x_wconf 39' lang='lat' dir='ltr'>lupinorum·</span> <span class='ocrx_word' id='word_1_225' title='bbox 1224 3453 1350 3528; x_wconf 78' lang='lat' dir='ltr'>:emula</span> <span class='ocrx_word' id='word_1_226' title='bbox 1371 3451 1612 3564; x_wconf 77' lang='lat' dir='ltr'>proferuntur,</span> 
     </span>
     <span class='ocr_line' id='line_1_30' title="bbox 405 3548 1620 3650; baseline -0.002 -26"><span class='ocrx_word' id='word_1_227' title='bbox 405 3551 482 3650; x_wconf 90' lang='lat' dir='ltr'>ipsis</span> <span class='ocrx_word' id='word_1_228' title='bbox 508 3577 736 3632; x_wconf 88' lang='lat' dir='ltr'>veruntamen</span> <span class='ocrx_word' id='word_1_229' title='bbox 768 3555 938 3643; x_wconf 89' lang='lat' dir='ltr'>minores,</span> <span class='ocrx_word' id='word_1_230' title='bbox 970 3553 1124 3650; x_wconf 82' lang='lat' dir='ltr'>inprimis</span> <span class='ocrx_word' id='word_1_231' title='bbox 1149 3552 1299 3644; x_wconf 86' lang='lat' dir='ltr'>virides,</span> <span class='ocrx_word' id='word_1_232' title='bbox 1331 3548 1370 3625; x_wconf 81' lang='grc' dir='ltr'>ἀ</span> <span class='ocrx_word' id='word_1_233' title='bbox 1399 3573 1483 3626; x_wconf 86' lang='lat' dir='ltr'>mox</span> <span class='ocrx_word' id='word_1_234' title='bbox 1513 3567 1620 3647; x_wconf 73' lang='lat' dir='ltr'>nigra·</span> 
     </span>
     <span class='ocr_line' id='line_1_31' title="bbox 408 3645 1617 3754; baseline -0.002 -30"><span class='ocrx_word' id='word_1_235' title='bbox 408 3674 574 3748; x_wconf 87' lang='lat' dir='ltr'>apparent</span> <span class='ocrx_word' id='word_1_236' title='bbox 593 3685 603 3748; x_wconf 83' lang='lat'>3</span> <span class='ocrx_word' id='word_1_237' title='bbox 640 3679 712 3754; x_wconf 83' lang='lat' dir='ltr'>quae</span> <span class='ocrx_word' id='word_1_238' title='bbox 731 3653 861 3729; x_wconf 84' lang='lat' dir='ltr'>semina</span> <span class='ocrx_word' id='word_1_239' title='bbox 884 3652 1032 3728; x_wconf 80' lang='lat' dir='ltr'>dulcium</span> <span class='ocrx_word' id='word_1_240' title='bbox 1058 3649 1247 3750; x_wconf 82' lang='lat' dir='ltr'>siliquarum</span> <span class='ocrx_word' id='word_1_241' title='bbox 1275 3647 1455 3725; x_wconf 87' lang='lat' dir='ltr'>seminibus</span> <span class='ocrx_word' id='word_1_242' title='bbox 1478 3647 1553 3724; x_wconf 88' lang='lat' dir='ltr'>sunt</span> <span class='ocrx_word' id='word_1_243' title='bbox 1576 3645 1617 3722; x_wconf 88' lang='lat' dir='ltr'>li-</span> 
     </span>
     <span class='ocr_line' id='line_1_32' title="bbox 405 3747 1616 3853; baseline -0.002 -31"><span class='ocrx_word' id='word_1_244' title='bbox 405 3751 518 3843; x_wconf 88' lang='lat' dir='ltr'>milia,</span> <span class='ocrx_word' id='word_1_245' title='bbox 549 3751 587 3826; x_wconf 82' lang='lat'>&amp;</span> <span class='ocrx_word' id='word_1_246' title='bbox 610 3753 644 3827; x_wconf 92' lang='lat' dir='ltr'>in</span> <span class='ocrx_word' id='word_1_247' title='bbox 663 3753 853 3853; x_wconf 87' lang='lat' dir='ltr'>siliquarum</span> <span class='ocrx_word' id='word_1_248' title='bbox 879 3751 1032 3828; x_wconf 89' lang='lat' dir='ltr'>folliculis</span> <span class='ocrx_word' id='word_1_249' title='bbox 1049 3749 1124 3824; x_wconf 91' lang='lat' dir='ltr'>sunt</span> <span class='ocrx_word' id='word_1_250' title='bbox 1148 3747 1314 3824; x_wconf 89' lang='lat' dir='ltr'>conclusa.</span> <span class='ocrx_word' id='word_1_251' title='bbox 1341 3747 1461 3837; x_wconf 81' lang='lat' dir='ltr'>Folia,</span> <span class='ocrx_word' id='word_1_252' title='bbox 1486 3747 1616 3836; x_wconf 84' lang='lat' dir='ltr'>slores,</span> 
     </span>
    </p>
   </div>
   <div class='ocr_carea' id='block_1_7' title="bbox 409 3845 1726 3948">
    <p class='ocr_par' dir='ltr' id='par_1_7' title="bbox 409 3845 1726 3948">
     <span class='ocr_line' id='line_1_33' title="bbox 409 3845 1726 3948; baseline -0.001 -27"><span class='ocrx_word' id='word_1_253' title='bbox 409 3873 452 3922; x_wconf 87' lang='lat' dir='ltr'>ac</span> <span class='ocrx_word' id='word_1_254' title='bbox 467 3849 592 3926; x_wconf 72' lang='lat' dir='ltr'>fruslus</span> <span class='ocrx_word' id='word_1_255' title='bbox 615 3849 750 3948; x_wconf 77' lang='lat' dir='ltr'>gustum</span> <span class='ocrx_word' id='word_1_256' title='bbox 775 3851 956 3948; x_wconf 87' lang='lat' dir='ltr'>asperitate</span> <span class='ocrx_word' id='word_1_257' title='bbox 979 3851 1085 3924; x_wconf 84' lang='lat' dir='ltr'>multa</span> <span class='ocrx_word' id='word_1_258' title='bbox 1105 3871 1146 3922; x_wconf 87' lang='lat' dir='ltr'>ac</span> <span class='ocrx_word' id='word_1_259' title='bbox 1161 3845 1357 3948; x_wconf 88' lang='lat' dir='ltr'>stipticitate</span> <span class='ocrx_word' id='word_1_260' title='bbox 1372 3847 1508 3920; x_wconf 80' lang='lat' dir='ltr'>sariunt.</span> <span class='ocrx_word' id='word_1_261' title='bbox 1561 3845 1616 3920; x_wconf 80' lang='lat' dir='ltr'>Ex</span> <span class='ocrx_word' id='word_1_262' title='bbox 1723 3913 1726 3920; x_wconf 87' lang='lat'>.</span> 
     </span>
    </p>
   </div>
   <div class='ocr_carea' id='block_1_8' title="bbox 408 3946 1618 4116">
    <p class='ocr_par' dir='ltr' id='par_1_8' title="bbox 408 3946 1618 4116">
     <span class='ocr_line' id='line_1_34' title="bbox 408 3946 1617 4052; baseline -0.005 -28"><span class='ocrx_word' id='word_1_263' title='bbox 408 3949 598 4030; x_wconf 79' lang='lat' dir='ltr'>immaturis</span> <span class='ocrx_word' id='word_1_264' title='bbox 612 3947 751 4052; x_wconf 78' lang='lat' dir='ltr'>siliquis,</span> <span class='ocrx_word' id='word_1_265' title='bbox 767 3949 931 4028; x_wconf 88' lang='lat' dir='ltr'>viridibus</span> <span class='ocrx_word' id='word_1_266' title='bbox 945 3947 1090 4025; x_wconf 88' lang='lat' dir='ltr'>succum·</span> <span class='ocrx_word' id='word_1_267' title='bbox 1099 3946 1313 4046; x_wconf 79' lang='lat' dir='ltr'>exprimunt,</span> <span class='ocrx_word' id='word_1_268' title='bbox 1329 3967 1431 4046; x_wconf 90' lang='lat' dir='ltr'>quern</span> <span class='ocrx_word' id='word_1_269' title='bbox 1448 3963 1617 4044; x_wconf 91' lang='lat' dir='ltr'>coquunt,</span> 
     </span>
     <span class='ocr_line' id='line_1_35' title="bbox 631 4063 1618 4116; baseline -0.002 0"><span class='ocrx_word' id='word_1_270' title='bbox 631 4083 634 4090; x_wconf 91' lang='lat'>·</span> <span class='ocrx_word' id='word_1_271' title='bbox 1445 4105 1449 4116; x_wconf 88' lang='lat'>.</span> <span class='ocrx_word' id='word_1_272' title='bbox 1579 4063 1618 4114; x_wconf 91' lang='lat' dir='ltr'>ut</span> 
     </span>
    </p>
   </div>
   <div class='ocr_carea' id='block_1_9' title="bbox 0 0 1780 4592">
    <p class='ocr_par' dir='ltr' id='par_1_9' title="bbox 0 0 1780 4592">
     <span class='ocr_line' id='line_1_36' title="bbox 0 0 1780 4592; baseline 0 0"><span class='ocrx_word' id='word_1_273' title='bbox 0 0 1780 4592; x_wconf 95' lang='lat' dir='ltr'> </span> 
     </span>
    </p>
   </div>
  </div>
 </body>
</html>
