3582 4584
464 331 553 441 prid
862 320 1267 442 Jtaenm'sVestt'ngr'i³¹

465 519 589 596 metiti
610 523 701 610 πῆξιι
718 541 903 616 corporum
921 521 1144 612 naturalium,
1173 499 1272 596 insuto
1285 517 1493 609 iisdemsali,
1509 535 1673 619 tanquam

466 619 620 716 propiori
645 617 752 694 causae
784 621 949 697 tribuunt.
975 619 1230 719 Accipiendum
1255 643 1372 696 autem
1394 619 1453 694 hic
1473 616 1519 694 sal
1538 632 1673 714 putaras,

464 741 528 813 pro
550 713 731 792 substantia
752 714 842 793 milli
869 737 1003 809 terrea,
1029 723 1047 795 *a
1066 719 1180 794 calore
1197 717 1380 813 plurimum
1395 738 1666 815 attenuata‚per

467 840 568 912 quam
587 815 815 912 aptitudinem
835 815 1079 914 consequitur,
1098 818 1233 913 promte
1256 816 1422 912 &ipsum
1447 815 1671 894 concrescen-

466 915 518 1002 di,
545 913 583 988 &
603 915 710 990 atiena
728 938 862 1011 quoque
883 939 1044 1011 corpora,
1069 915 1188 1011 quibus
1208 913 1371 1006 humore,
1396 914 1583 1010 spirituque
1598 939 1668 990 me

465 1012 636 1088 diantibus
652 1011 954 1104 communicatur,
980 1015 1122 1088 similem
1149 1016 1188 1088 in
1208 1015 1351 1088 modum
1380 1012 1572 1086 afficiendi.
1624 1017 1671 1088 lta

462 1111 688 1205 saccharum,
716 1109 988 1201 chalcanthum,
1009 1111 1134 1186 nitrum
1152 1167 1169 1201 ,
1200 1109 1343 1185 discusso
1359 1135 1422 1206 per
1444 1133 1547 1208 quem
1569 1111 1673 1189 dilue-

313 1211 317 1218 ’
462 1215 586 1288 bantur
603 1209 748 1286 humore
766 1209 997 1304 supervacuo,
1022 1228 1097 1283 tum
1113 1233 1158 1284 err
1182 1207 1216 1281 se
1244 1211 1495 1308 coagulantur,
1526 1227 1599 1280 tum
1626 1233 1674 1284 eat

462 1310 582 1406 quibua
607 1309 869 1384 condimentum
888 1312 1063 1402 praebent,
1080 1306 1222 1382 densant
1239 1307 1353 1382 secum
1364 1362 1374 1393 ,
1385 1327 1488 1404 atque
1499 1305 1663 1382 indurant.

462 1405 547 1480 Hoc
566 1407 675 1501 ipsum
695 1407 810 1504 itaque
831 1405 1067 1500 Opobalsamo
1091 1404 1314 1503 congenitum
1337 1406 1413 1495 sal,
1440 1405 1524 1478 dum
1541 1427 1667 1500 evapo-

461 1524 514 1582 rat
534 1503 715 1578 odoratum
735 1507 808 1602 ejus
830 1502 982 1600 sulphur,
1009 1505 1220 1594 concrescit,
1234 1503 1362 1599 fibique
1387 1501 1664 1600 conjuutiataffi·

461 1601 570 1676 nitate
586 1621 714 1678 naturae
737 1601 830 1676 tatus
857 1623 973 1698 partes
996 1603 1148 1699 colligit,
1173 1625 1215 1694 ac
1237 1601 1424 1696 conllipat..

510 1701 684 1776 Caetertim
708 1699 798 1774 hanc
829 1699 994 1776 densandi
1021 1700 1114 1776 lastis
1141 1699 1423 1797 proprietatem,
1452 1721 1523 1772 non
1543 1698 1670 1772 eodem

458 1795 592 1895 semper
612 1799 733 1896 vigore
756 1798 901 1894 possidet
917 1797 1058 1874 balsami
1072 1799 1195 1874 refina..
1242 1796 1419 1874 Potentius
1440 1797 1511 1896 agit
1531 1821 1604 1892 quae
1616 1822 1668 1868 re·

442 1898 613 1988 centior,
639 1896 717 1992 quia
738 1915 867 1968 terrens
884 1913 998 1989 partes
1019 1895 1248 1971 concretionis
1273 1893 1427 1970 nudiores
1450 1952 1461 1984 ,
1497 1895 1591 1968 calor
1609 1894 1668 1966 vix.

458 1997 540 2070 dum
561 2015 675 2066 rerum
690 1990 839 2088 potitus,
865 1992 900 2064 in
920 1993 1079 2070 ordinem
1104 1992 1195 2067 haud
1213 1993 1384 2090 redegit,
1401 2013 1505 2089 atque
1528 2013 1567 2067 ut
1584 2015 1659 2064 cum
1771 2063 1772 2066 ,

457 2091 635 2189 Chymicis
655 2093 795 2188 loquar,
820 2089 1014 2166 Mercurius
1040 2091 1218 2187 spiritusve
1243 2092 1390 2182 acidus,
1421 2089 1539 2164 salium
1565 2089 1664 2168 subti-

457 2188 857 2268 liffimorumvehiculum
872 2189 1046 2278 ,nondum
1066 2190 1220 2268 abinlito
1242 2188 1397 2285 sulphure
1416 2188 1493 2264 satis
1505 2187 1661 2264 domitus.

455 2289 614 2366 Debilior
634 2283 894 2376 attioest,cum
915 2287 1075 2386 acquisita
1086 2288 1217 2362 humidi
1228 2287 1335 2362 nimia
1350 2287 1661 2376 visciditate,vires

454 2385 526 2462 suas
550 2386 716 2482 expedire
747 2404 868 2460 terreat
892 2408 1007 2480 partes
1029 2405 1235 2484 nequeunt:
1268 2387 1432 2483 lentoque
1452 2387 1525 2483 jam
1545 2385 1664 2482 phleg-

454 2504 567 2575 mate,
595 2485 705 2558 veluti
727 2481 952 2580 compedibus
975 2484 1095 2558 induta
1114 2483 1212 2574 salia,
1239 2485 1340 2577 o'pplw*
1359 2485 1570 2570 naturalem,
1594 2484 1661 2556 im-

454 2603 641 2681 petumque
659 2605 728 2656 non
750 2599 923 2676 promunt.
973 2582 1086 2680 Major
1109 2603 1224 2656 autem
1241 2580 1316 2673 huc
1335 2581 1480 2680 cogendi
1497 2581 1657 2678 laslispo-

454 2681 587 2772 tentia,
611 2682 649 2754 in
664 2679 810 2778 Syriaco
828 2700 987 2756 veterum
1011 2679 1247 2777 Opobalsamo
1267 2677 1391 2769 luerit,
1418 2705 1460 2758 au
1480 2681 1514 2754 in
1539 2679 1660 2752 Arabi-

453 2801 497 2852 co
515 2775 631 2852 nostro
654 2777 715 2868 srt,
739 2799 809 2852 non
834 2776 914 2852 satis
930 2778 1040 2874 liquet
1063 2834 1074 2869 ‚
1110 2801 1189 2852 eum
1208 2777 1343 2854 alterius
1363 2777 1504 2876 desediu
1524 2801 1660 2875 compa-

451 2873 540 2949 ratio
558 2875 758 2950 facultatum
778 2877 864 2950 fiere
890 2896 1054 2972 nequeat.
1104 2875 1196 2950 Mihi
1213 2875 1457 2973 probabilius,
1482 2877 1660 2974 syriacum

451 2975 503 3048 his
527 2975 652 3050 viribus
669 2973 838 3070 precipue
855 2971 1026 3068 poluisse,
1038 2997 1118 3050 cum
1136 2974 1173 3050 in
1191 2973 1440 3070 temperatiore
1458 2976 1660 3070 proauum

452 3073 610 3165 climate,
634 3072 782 3168 partium
805 3068 1009 3167 frigidarum
1035 3071 1221 3168 plusculum
1246 3074 1465 3170 poffidel'et,
1496 3099 1568 3154 nec
1594 3077 1657 3150 cle-

451 3171 601 3246 mentior
625 3172 718 3246 calor
741 3167 899 3272 spiritum
925 3169 1042 3252 salium
1069 3171 1241 3270 hospitem
1263 3170 1528 3250 immoderatius
1547 3175 1660 3274 exige·

449 3289 513 3346 ret.

450 3367 552 3452 Atlio
568 3365 638 3464 ipsa
657 3365 962 3459 condensationis,
999 3365 1091 3444 haud
1109 3367 1231 3444 iisdem
1249 3365 1435 3442 absolvitur
1454 3391 1657 3450 monumen·

447 3468 491 3544 tis
509 3464 687 3560 temporis.
738 3467 893 3544 Celerior
916 3467 986 3559 est,
1011 3490 1093 3544 cum
1112 3467 1247 3542 tenuior
1275 3463 1416 3540 balsami
1432 3467 1563 3564 liquor,
1578 3471 1658 3546 ade.
1768 3547 1769 3552 Ἰ

436 3583 536 3665 'oque
555 3563 664 3636 solutu
672 3565 1088 3666 promptior,vitibusque
1107 3564 1316 3664 penetrandi
1330 3561 1531 3642 instruttior.
1558 3569 1656 3646 Ttmc

449 3666 542 3740 enim
561 3660 622 3734 vix
645 3661 783 3769 peratis
810 3671 983 3762 millen,
1015 3667 1170 3744 nondum
1198 3687 1334 3740 coenum
1353 3661 1447 3738 suum
1465 3666 1484 3738 h
1499 3666 1587 3740 coelo
1607 3671 1656 3744 di·

445 3759 587 3849 stinxit,
627 3755 822 3856 spiritusque
847 3763 1005 3862 digelsrt,
1031 3765 1150 3844 salibus
1179 3761 1335 3842 tartareis
1361 3760 1519 3858 aspersos,
1549 3770 1657 3860 ¹Tar-

444 3855 518 3934 dius
538 3879 621 3964 ergo
637 3857 678 3934 fit
698 3859 898 3954 concretio,
929 3885 1036 3963 quum
1054 3891 1126 3966 per,
1143 3864 1260 3946 causas
1284 3857 1471 3942 contrarias
1491 3887 1591 4040 moAra
1603 3869 1653 3946 fit.
