3518 4596
481 329 548 442 'ed
560 357 647 420 rem
674 323 940 422 Herbarum}
983 347 995 455 J
1263 335 1326 463 φῆ

113 525 298 630 regiratis
319 541 405 626 typo
421 521 631 615 homiuem,
661 520 691 600 st
712 521 786 622 quis
800 521 927 600 intueri
948 542 1021 602 non
1035 523 1229 622 erubescit,
1258 551 1315 606 or⁴

114 629 220 704 chidis
239 625 362 703 florem
384 623 524 714 videat,
549 645 630 697 etun
649 644 753 720 quern
777 625 1001 720 dispersosque
1025 627 1261 724 appellant,&
1276 632 1314 707 in

113 723 274 826 porrodiis
292 724 495 818 brachiolis,
507 719 718 819 didubtisque
739 722 892 798 cruribus
909 723 1059 822 lepidam
1080 726 1221 804 humani
1236 752 1314 805 cor.

113 825 203 924 poris
217 823 387 922 effigiem,
417 821 456 898 dr
470 825 514 897 ab
536 820 790 896 involucrorum
805 821 941 897 infirma
957 825 1089 922 galeola
1108 829 1314 924 pendulam,

113 947 152 1000 ut
167 923 254 998 floris
275 919 380 996 instar
394 921 573 996 hominem
596 919 749 1011 llorere,
778 922 945 1020 juxtaque
965 945 1047 998 cum
1067 925 1129 1000 illis
1149 949 1314 1024 apparere

112 1020 291 1120 tantisper,
316 1041 418 1119 atque
434 1020 558 1106 iterum
573 1017 765 1116 disparere,
787 1039 858 1093 nou
872 1019 1078 1118 ignoremus.
1128 1024 1177 1098 At
1203 1025 1316 1102 homi-

112 1143 193 1198 nem
210 1143 293 1195 curn
309 1143 381 1194 non
396 1118 459 1194 srbi
476 1137 610 1194 tantum
627 1139 753 1192 vacare
770 1117 899 1214 vellet3
926 1118 985 1196 sed
1001 1120 1037 1195 in
1052 1121 1260 1200 consortium
1279 1149 1316 1200 a·

112 1220 249 1310 iorum,
273 1216 510 1316 suppetiasque
526 1216 721 1308 deducere,
745 1213 887 1292 sexuum
908 1218 1045 1318 aliquod
1063 1220 1246 1298 discrimen
1262 1222 1317 1298 es·

111 1317 194 1396 lecit
215 1316 472 1414 sapientissimus
498 1337 613 1391 rerum
634 1314 788 1390 omnium
803 1337 938 1413 parens.
963 1317 1100 1393 ·Simile
1128 1320 1174 1396 de
1192 1322 1317 1419 plantis

111 1417 240 1493 dudum
257 1439 338 1490 cum
360 1415 578 1514 Empedocle
595 1431 801 1524 receperunt
817 1412 998 1511 peritiores
1019 1415 1208 1496 Hortensii.
1259 1423 1316 1500 Iu·

110 1535 162 1592 ter
177 1537 260 1614 quas
282 1537 328 1590 ex
346 1514 471 1589 eadem
489 1512 625 1612 specie,
648 1507 759 1608 stupis
778 1509 980 1588 habitudine
1001 1513 1189 1609 sicciores,
1214 1517 1317 1602 foetu-

111 1639 173 1713 que
190 1635 264 1689 tum
284 1612 449 1704 serendo,
474 1631 547 1686 tum
566 1609 750 1687 nutriendo
772 1609 884 1686 minus
907 1609 1112 1703 exhaustas,
1137 1619 1317 1693 confiden-

110 1734 161 1790 ter
178 1711 405 1788 masculorum
421 1711 533 1788 ordini
548 1707 768 1800 adscribunt,
793 1732 875 1807 quas
889 1709 987 1786 aliter
1009 1707 1150 1786 affectas
1167 1734 1317 1802 notant,

111 1811 253 1912 sequiori
268 1809 364 1886 serui
377 1827 612 1890 annumerant
661 1807 871 1906 Exemplum
887 1811 959 1910 ejus
976 1807 1029 1884 rei
1046 1811 1174 1886 clarum
1194 1815 1317 1910 palme

110 1912 291 2000 exhibent,
317 1909 468 2008 equibus
486 1931 599 1984 mares
616 1907 726 1988 comis
742 1905 865 1982 eredis
888 1907 1057 2006 hispidos,
1081 1911 1319 2008 propr-idsad·

111 2009 186 2088 fitas
209 2007 388 2099 foeminas,
416 2006 533 2082 afflatu
552 2063 562 2099 ,
586 2004 660 2080 visu
679 2063 690 2098 ,
715 2005 787 2102 ipso
803 2007 909 2081 etiam
927 2009 1069 2106 pulvere
1087 2007 1285 2086 foecundare
1304 2067 1317 2104 ,

109 2127 248 2184 veteres
264 2108 401 2184 Naturae
424 2106 482 2180 dili
505 2103 662 2182 entilsrmi
681 2105 898 2203 indagatores
916 2105 1152 2204 prodiderunt.
1184 2109 1316 2184 Foerni·
1434 2109 1451 2148 s

108 2231 169 2286 tas
188 2225 349 2303 tanquam
369 2205 485 2282 intelle
520 2201 709 2278 uVeneris
721 2201 931 2298 inclinatas,
956 2205 1185 2282 blandioribus
1206 2209 1318 2286 comis

110 2305 142 2382 in
169 2328 286 2380 mares
311 2323 458 2394 nutare,
490 2301 679 2400 iisdemque
703 2301 823 2376 excisis
847 2297 1066 2381 sterilescere.
1120 2303 1316 2382 Hominum

110 2405 203 2481 certi
220 2401 430 2500 promiscuus
444 2401 500 2476 ille
522 2421 649 2491 cretus,
674 2399 756 2474 alios
772 2397 880 2476 habet
894 2401 1020 2493 cultor,
1046 2401 1128 2478 alios
1146 2403 1316 2504 agrestes.
1431 2471 1435 2478 .

97 2501 306 2604 ‘ingeniique
332 2500 486 2578 durioris.
535 2499 594 2576 Ex
610 2523 678 2670 quo
693 2498 763 2590 lit,
798 2518 836 2574 ut
853 2499 1052 2597 quibusdam
1073 2525 1215 2598 rapaces
1236 2503 1315 2580 Vir·

110 2621 222 2690 tutum
239 2597 368 2692 animi,
398 2599 439 2677 dr
457 2622 503 2674 ex
525 2596 595 2672 sese
627 2596 739 2671 ertiler
763 2597 971 2689 videantur,
996 2600 1067 2676 stne
1085 2600 1120 2675 lo
1166 2603 1315 2702 omagi-

108 2697 212 2776 sterio
230 2695 374 2775 honesta
393 2695 745 2794 comprehendentes:
771 2696 938 2786 nonnulli,
950 2716 986 2770 ut
1006 2697 1124 2774 nativa
1155 2720 1317 2800 urgenter

109 2797 385 2898 pulchritudine,
409 2798 444 2872 in
464 2793 597 2870 sertum
614 2811 772 2886 exeant,
804 2814 877 2868 tam
899 2796 1081 2894 praeceptis
1102 2797 1316 2896 adjuvandi,

109 2900 211 2996 quim
238 2899 476 2994 exemplorum
505 2892 718 2967 adminiculis
737 2889 980 2970 statuminandi
993 2893 1078 2970 sunt.
1104 2895 1222 2974 Multis
1237 2923 1315 2998 gra.

109 2997 183 3070 vius
205 2992 319 3072 obstat
334 2995 458 3094 frigus,
482 2991 603 3092 quibus
621 2990 744 3089 absque
758 2991 932 3086 severiore
949 2995 1026 3093 lege
1048 2991 1225 3092 profedius
1251 3021 1315 3074 ex.

109 3093 208 3171 tundi
219 3117 295 3169 non
336 3091 434 3168 otest.
463 3092 556 3167 luter
572 3090 706 3188 plantas
730 3114 774 3174 ea
790 3115 846 3167 res
866 3091 1063 3169 evidentior
1079 3089 1146 3185 est,
1171 3118 1315 3192 quarum

107 3219 187 3290 pars
206 3193 301 3292 sylve
348 3195 406 3283 is,
441 3189 481 3266 dt
502 3189 700 3264 horridioris
717 3188 867 3282 indolis,
898 3213 978 3287 pars
994 3189 1135 3282 mitior,
1172 3215 1314 3292 quaque

106 3293 232 3395 sponte
254 3291 299 3368 ad
318 3289 454 3368 cultoris
469 3287 519 3364 sui
540 3307 624 3363 vota
639 3307 811 3385 properat.
861 3291 976 3378 Sunt,
1009 3289 1129 3387 quibus
1146 3308 1204 3364 aut
1217 3312 1316 3366 nata·

107 3394 142 3465 le
166 3389 299 3482 solum,
337 3409 395 3463 aut
418 3387 657 3464 consuetorum
680 3383 755 3459 usus
779 3387 866 3483 eripi
887 3409 957 3459 non
978 3383 1123 3481 potest,
1158 3389 1315 3486 quadam

106 3511 182 3566 non
198 3487 257 3563 nisr
277 3489 479 3563 conculcata
498 3506 590 3562 terra
614 3484 799 3583 proficiunt
830 3513 839 3559 :
885 3483 1094 3580 quarundam
1119 3485 1155 3560 in
1183 3488 1315 3574 tenellis

108 3587 227 3666 herbis
250 3585 469 3685 depascenda
493 3583 639 3662 luxuries
661 3615 688 3682 ,j
707 3581 747 3658 dr
763 3581 914 3680 implexa
938 3607 1112 3658 ramorum
1129 3589 1315 3702 eongeries

108 3687 347 3788 mundone
365 3685 569 3761 coercenda.
619 3681 802 3780 Sycomori
827 3678 899 3758 fine
915 3681 1220 3768 vulneresoecundr
1243 3709 1316 3775 non

108 3789 210 3878 sunt,
237 3787 446 3882 uterumque
472 3779 623 3882 plurimis
637 3803 719 3857 nec
740 3779 821 3855 vitae
854 3780 1055 3864 diuturnitas
1082 3838 1094 3875 ,
1124 3807 1192 3858 nec
1218 3782 1327 3883 sape·-

109 3889 154 3964 ris
176 3885 290 3985 gratia
308 3883 460 3976 constat,
485 3881 545 3958 nisr
562 3880 710 3978 primum
728 3902 874 3982 germen
893 3881 1032 3964 nutritis
1050 3880 1183 3980 gremio
1193 3881 1317 3962 subdu·

111 4007 217 4066 estur.
269 3987 389 4086 ltaque
407 3982 613 4078 divinalia,
637 3975 980 4076 instudeamus,
1003 3978 1240 4066 vereceeinit.
1321 4046 1327 4058 .

816 4079 852 4158 N
1110 4097 1345 4181 -··pater.
