3544 4592
291 358 388 442 un
435 353 789 444 ntsnrrs
839 353 1176 440 morari.
1305 379 1351 462 ,ς

137 539 345 631 balsamum,
369 535 461 638 quod
477 537 616 635 quidem
632 537 678 614 illi
702 535 777 612 ferd
800 537 845 613 ad
865 559 988 612 omnes
1014 541 1171 627 morbos,
1196 557 1238 610 ac
1258 531 1348 634 sym.

136 659 296 740 ptomata
310 635 475 714 adhibent
489 637 534 711 ad
549 659 677 736 eosque
698 634 867 725 maxime,
891 635 950 734 qui
967 636 1024 710 vel
1040 653 1087 712 ex
1102 633 1245 732 simplici
1258 653 1349 710 tem-

138 740 238 840 perie
251 737 376 838 frigida
393 733 433 811 δι
448 735 606 828 humida,
632 735 690 811 vcl
705 737 724 810 ὲ
737 734 869 834 frigidis
890 733 1108 832 humidisque
1135 733 1262 825 succis,
1288 733 1347 810 vel

137 838 339 950 lta-enenis,
363 833 598 949 concitantur.⁴
640 837 784 1008 {umma
801 855 882 909 cum
899 833 1000 1006 larpqlle
1024 857 1070 906 eo
1091 852 1230 946 utuntur
1248 833 1348 946 ado-

140 933 1071 1128 {ppppovppnappptpoqqpntptrprfinqercctppgpptppnqpapitggp
1084 953 1348 1107 esxprecrirsenppepp

140 1132 301 1230 quapiam
319 1153 425 1228 usque
443 1130 486 1204 ad
514 1153 554 1205 os
574 1131 719 1228 pellime
739 1131 837 1229 ligms
857 1129 1060 1219 vulnerato,
1086 1129 1212 1230 didici:
1237 1128 1350 1204 Balsa·

141 1253 200 1306 tuo
217 1227 384 1329 srquidem
402 1227 542 1302 inundo
561 1252 603 1303 ea
623 1231 766 1304 vulnera
780 1251 845 1326 per
859 1227 954 1302 diem
970 1247 1127 1324 tantum,
1151 1227 1224 1304 fere
1237 1228 1351 1304 omni-

141 1331 188 1402 ub
208 1327 426 1416 coaluerunt,
451 1325 491 1402 dr
505 1349 551 1402 eo
569 1330 669 1425 quim
684 1325 888 1426 paucissimis
905 1326 1045 1417 diebus,
1069 1345 1107 1400 ut
1125 1326 1154 1400 is
1169 1323 1264 1400 testis
1278 1324 1349 1402 elle

140 1423 273 1525 potest,
298 1423 451 1522 perfecte
474 1423 608 1500 sanatus
626 1423 692 1502 est:
718 1444 857 1500 utuntur
873 1423 980 1500 etiarn
996 1423 1070 1522 ipso
1091 1425 1136 1500 ad
1148 1425 1263 1499 ulcera
1278 1423 1351 1498 for·

139 1523 238 1616 dida,
287 1547 337 1598 uae
361 1547 405 1598 eo
423 1524 649 1616 mundantur,
676 1542 777 1622 atque
802 1522 968 1600 serrantur.
1019 1525 1058 1598 In
1085 1522 1285 1616 venenatis,
1309 1520 1350 1600 dr

139 1622 245 1698 demo
275 1645 304 1696 rs
330 1619 597 1718 tserpenribus,
623 1642 726 1720 atque
742 1619 818 1696 ifth
843 1623 862 1696 l
888 1620 1136 1720 scorpionibus
1162 1622 1238 1698 tdnr
1264 1644 1351 1720 epo·

141 1741 232 1811 turn,
258 1718 332 1794 tdm
348 1719 469 1794 illitum
484 1722 636 1796 maximi
645 1723 755 1819 juvat.
806 1720 846 1795 ln
862 1715 982 1817 peste,
1007 1737 1045 1795 ut
1064 1723 1107 1796 ab
1129 1723 1203 1796 e‘us
1227 1738 1350 1796 cunta·

140 1819 197 1918 gio
215 1817 467 1909 defendantur,
491 1819 575 1894 nihil
594 1821 703 1918 majus
724 1819 874 1910 habent,
898 1841 966 1917 quo
991 1817 1102 1893 utiliris
1182 1816 1286 1894 tutius
1310 1841 1351 1893 u-

145 1936 271 2009 tantur,
298 1916 572 2014 singulisdiebus
593 1919 665 2015 ejus
679 1916 944 2016 semidragrnam
969 1914 1209 2016 deglutientes.
1259 1915 1350 1991 Mul-

141 2035 259 2114 tssque
279 2016 388 2090 etiam
405 2014 558 2111 putridas
572 2013 687 2091 febres
708 2039 752 2090 eo
779 2035 886 2114 epoto
909 2015 955 2090 illi
980 2015 1119 2108 sanant,
1143 2011 1280 2115 largiori
1305 2015 1351 2090 ab'

139 2111 210 2210 ipso
221 2132 429 2211 erumpente
442 2111 574 2189 sudore.
624 2115 664 2190 ln
681 2113 850 2190 chronicis
867 2112 1019 2194 febribus
1038 2117 1057 2191 d
1073 2114 1185 2190 crudis
1203 2110 1354 2213 frigidis-

143 2233 207 2312 que
227 2211 446 2304 humoribus,
471 2209 823 2312 oblbuttionibusque
846 2212 1039 2306 viscerum,
1063 2213 1146 2289 nihil
1170 2211 1282 2288 utilius
1308 2233 1352 2287 ac

140 2307 350 2408 prestantius
367 2310 608 2425 experiuntur,
633 2315 735 2426 quim
753 2311 963 2426 opobalsami
980 2311 1079 2426 binps
1092 2309 1353 2423 scrupulos,rrel

141 2407 1352 2619 bththblhtl§illttlellttsstlsbltlh‘lt

141 2604 201 2680 dos
219 2605 383 2681 humores
397 2606 601 2705 concoquit,
625 2629 669 2682 ac
683 2607 817 2708 digerit.
868 2605 1032 2704 Hrncque
1055 2609 1128 2706 ejus
1152 2605 1226 2682 usus
1244 2604 1290 2680 ad
1311 2626 1353 2680 u·

139 2725 239 2778 mnes
255 2701 399 2804 frigidos
417 2709 580 2798 morbos,
604 2727 647 2780 ac
663 2704 914 2818 symptomata,
942 2703 1033 2802 apud
1050 2729 1111 2781 eos
1128 2702 1179 2780 est
1190 2703 1353 2805 frequen·

139 2801 289 2880 rithmus.
341 2802 463 2880 Oculis
479 2803 589 2880 visum
605 2803 842 2902 deperditum,
857 2822 960 2903 atque
978 2805 1111 2882 auribus
1127 2803 1282 2880 auditum
1299 2801 1353 2878 in·

139 2895 297 2976 stillatum
315 2897 486 2993 restituit,
510 2902 709 3016 auritusque
727 2903 862 2980 dolores
876 2901 991 2996 sanat,
1013 2923 1182 3002 praetcrea
1204 2903 1249 2978 ad
1269 2923 1354 2978 con·

140 2995 250 3075 utlfos
271 3024 318 3076 err
332 2999 536 3076 humiditate
557 3024 600 3076 ac
622 3001 832 3103 frigiditate,
857 3002 902 3077 ad
924 3001 1169 3102 vertiginosos,
1194 2998 1353 3099 epilepti-

139 3119 218 3188 oos,
241 3097 428 3190 resolutos,
453 3119 663 3191 trementes,
688 3102 732 3176 ad
752 3102 862 3176 tullrm
886 3124 930 3175 ue
958 3125 1005 3176 ex
1034 3099 1162 3200 frigido
1185 3099 1351 3190 htnnore,

138 3197 401 3309 orthopnoeam,
440 3197 652 3274 &omnem
683 3197 830 3295 spirandi
862 3128 1123 3290 difficultatem,
1148 3198 1349 3310 pulmonum

138 3295 329 3388 homones,
353 3295 591 3389 humidtares,
616 3297 656 3374 dr
674 3296 830 3390 dolores,
856 3300 912 3374 ad.
925 3291 1160 3411 stomachique
1260 3294 1352 3370 drta·

139 3409 233 3488 tem,
258 3394 465 3487 cruditates,
491 3417 592 3494 arque
613 3395 657 3470 ad
676 3416 798 3470 omnes
818 3395 961 3472 flatuum
976 3393 1171 3490 molestias,
1197 3417 1217 3468 a
1258 3393 1350 3470 uteri

139 3488 300 3592 frigidam
327 3493 572 3667 humidamque
592 3493 857 3591 intemperiem,
883 3494 927 3570 ad
950 3493 1230 3592 prefocatioues,
1253 3493 1352 3568 dolo·
1379 3521 1381 3528 ·

140 3613 215 3680 res,
239 3589 471 3686 sterilitatem,
529 3598 590 3670 hos
606 3595 759 3690 fluores,
776 3593 821 3668 ad
836 3593 1066 3691 interceptam
1084 3595 1218 3669 urinam
1232 3615 1278 3668 ex
1290 3589 1352 3666 fri·

141 3690 307 3788 giditate,
331 3690 434 3784 flam,
459 3692 516 3766 vel
529 3691 713 3789 lapidibus,
739 3691 783 3767 ad
802 3693 1015 3791 calculosque
1030 3692 1066 3767 in
1081 3692 1219 3768 renibus
1232 3691 1351 3766 valen·

143 3807 195 3864 ter
209 3789 440 3887 frangendos,
466 3814 507 3866 ac
527 3787 790 3890 abstergendos,
816 3789 891 3866 usus
906 3789 1116 3888 opobalsami
1136 3789 1188 3865 est
1205 3788 1295 3885 apud
1310 3811 1351 3863 o·

142 3909 239 3964 mnes
256 3889 339 3998 illos·
353 3890 496 3986 populos
512 3889 716 3980 notiffimus,
740 3888 927 3966 &adhaec
946 3891 1062 3965 omnia
1078 3890 1169 3964 mala
1191 3883 1351 3986 praestan·

142 3985 304 4066 tiffimum
328 3985 375 4067 nn
402 3987 561 4068 auxiium
585 3988 816 4090 experiuntur.
865 3988 1030 4165 MrFrlicrcs
1055 3991 1142 4068 verb
1172 3983 1353 4157 AEgyppig
