3518 4596
340 451 348 462 *
433 335 519 420 ros
575 424 578 431 Δ
771 315 1058 439 Jo..Vsstiriga'i
1075 319 1319 438 Peranna
1433 413 1437 422 ,

433 524 538 626 usque
558 525 595 602 in
611 521 761 600 delicias.
812 519 1035 599 Reficiebant
1056 517 1232 618 'utrunque
1264 513 1398 598 senffim
1416 515 1543 614 purtim
1562 512 1656 601 letas

434 626 581 702 tillantes
604 623 766 719 varieque
800 622 970 696 micantes
986 620 1108 709 flores,
1132 619 1240 695 etiarn
1260 637 1331 694 non
1349 614 1545 712 suspicienti
1561 615 1658 694 fide·
1755 645 1756 656 ¹

434 749 511 802 rum
530 721 697 801 desideria
710 741 935 796 renovantes:
961 719 1088 817 partim
1109 718 1278 817 ingenuus
1300 717 1344 792 ab
1368 713 1492 792 iisdem
1510 716 1550 793 ἃ
1575 740 1657 816 gra·

435 825 573 900 tiffimus
595 819 741 911 halitus,
765 819 805 895 dr
830 841 1032 918 quocunque
1066 816 1219 894 animum
1246 811 1429 912 oculosque
1465 836 1657 894 converte-

434 927 495 998 bat
509 922 633 1007 hom0,
660 941 705 992 ex
723 918 968 1015 vegetabilium
985 916 1161 993 uberrimo
1194 915 1426 1014 laetiffiruoque
1480 935 1660 1013 roventn,

433 1020 535 1095 facile
558 1015 805 1117 cognoscebat,
831 1016 870 1092 ἃ
893 1020 1013 1116 ignaro
1038 1013 1100 1090 srbi
1118 1015 1418 1112 drvrnrtusparata
1467 1015 1657 1096 ehaecbe-

433 1117 582 1209 aeficiat,
608 1113 872 1212 &suppeditari
889 1117 993 1212 porro
1006 1113 1062 1188 vel
1079 1112 1225 1212 ingrato.

482 1216 559 1288 Nec
578 1214 737 1290 obscurat
760 1215 911 1289 muneris
926 1208 1154 1310 praestantiam
1176 1267 1187 1302 ,
1226 1213 1320 1310 quod
1342 1210 1491 1308 hispidus
1519 1212 1655 1312 aliquot

432 1315 625 1412 plantarum
660 1310 844 1410 aspetlus,
870 1313 961 1425 quod
985 1307 1159 1406 produslis
1183 1309 1285 1406 spinis
1302 1311 1518 1410 tangentium
1539 1313 1657 1387 mani·

283 1446 290 1454 ’
434 1418 496 1488 bus
516 1433 640 1486 truces.
695 1411 831 1486 Munire
851 1436 946 1486 enim
977 1407 1139 1506 quasdam
1155 1408 1286 1483 Natura
1305 1411 1448 1500 debuit,
1470 1409 1658 1498 &remis

432 1511 540 1586 veluti
564 1510 639 1584 telis
666 1533 799 1583 armare
820 1531 856 1584 ut
877 1530 952 1584 tuta
970 1506 1103 1581 homini
1122 1507 1295 1605 magisque
1315 1509 1411 1618 salva
1421 1509 1581 1584 remedia
1597 1508 1657 1584 fo-

433 1630 511 1684 rem
531 1639 540 1684 :
563 1635 635 1706 quae
657 1610 712 1683 vel
733 1608 834 1682 avida
853 1609 1044 1706 quadrupes
1067 1605 1277 1702 depascere,
1301 1630 1468 1704 procaces
1482 1607 1584 1706 digiti
1597 1632 1656 1682 ra.

431 1731 544 1806 pere,
580 1708 637 1780 vel
668 1706 825 1805 negleila
851 1705 994 1806 vestigia
1029 1703 1159 1779 facilius
1182 1706 1342 1780 obterere
1375 1725 1548 1802 poterant.
1599 1707 1657 1782 Ita

432 1809 502 1881 hoc
515 1806 644 1904 pariter
666 1806 758 1904 quod
777 1805 812 1878 in
831 1805 1081 1894 vegetabilibus
1097 1802 1275 1901 displicet,
1300 1803 1448 1880 hominis
1470 1804 1572 1880 causa
1588 1829 1657 1880 ex·

431 1907 622 2006 cogitatum
637 1905 850 1978 arbitremur.
902 1904 1031 1978 Fateor
1056 1903 1197 2000 quidem
1224 1917 1293 1978 nou
1313 1927 1435 1980 omnes
1458 1904 1591 2000 plantas
1607 1907 1687 1980 ae·'
1755 1923 1756 2008 l

323 2093 326 2097 A
431 2010 499 2104 que
516 2024 628 2102 gratas
648 2001 740 2077 else:
765 2004 888 2076 multas
912 2003 1110 2099 qualitatum
1133 2001 1307 2078 iusrtarum
1326 1999 1484 2092 excelsu,
1509 2005 1655 2078 morbo·

431 2127 510 2176 rum
530 2101 697 2175 atrocium
717 2101 832 2174 causas
847 2101 1081 2192 debellando,
1107 2099 1326 2198 asperitatem
1349 2101 1495 2199 aliquam
1510 2099 1655 2178 exsere·

431 2226 494 2278 re:
519 2199 680 2300 quasdam
698 2199 756 2274 sub
780 2199 949 2274 floridula.
962 2200 1077 2298 specie
1096 2199 1211 2274 toxica
1227 2223 1360 2295 parare.
1409 2201 1582 2276 Attamen
1602 2199 1657 2277 hae
1755 2209 1756 2216 ’

432 2299 512 2398 ipsae
535 2324 610 2398 quae
627 2299 815 2374 valetudini
835 2298 983 2374 hominis
1003 2299 1140 2397 penitus
1161 2295 1292 2372 infesta
1313 2297 1502 2389 videntur,
1527 2322 1656 2374 nume-
1755 2363 1756 2368 ,

431 2398 515 2474 rufis
533 2419 584 2472 tot
601 2396 791 2472 seculorum
810 2399 1078 2495 experimentis,
1101 2397 1137 2470 iu
1152 2393 1248 2470 usum
1263 2396 1409 2494 aliquem
1425 2397 1588 2473 humana
1605 2397 1657 2474 sa·
1755 2423 1756 2428 ¹

431 2497 510 2572 lutis
533 2495 705 2572 conversae
722 2495 869 2572 fuerunt.
921 2497 1093 2590 Quamvis
1109 2515 1226 2570 autem
1242 2495 1478 2572 admirabilem
1495 2495 1590 2572 hanc
1609 2521 1657 2578 ex
1755 2545 1756 2548 ¹

431 2597 556 2694 plantis
576 2595 809 2670 remediorum
833 2593 1040 2688 varietatem
1064 2595 1212 2674 summus
1236 2594 1291 2671 ille
1320 2591 1464 2690 dynasta
1488 2596 1568 2670 crim
1587 2619 1661 2696 ge-

431 2694 546 2770 merit
567 2750 578 2784 ,
603 2712 678 2768 tum
702 2693 832 2768 homini
853 2694 990 2793 largitus
1010 2691 1142 2788 suerit3
1169 2693 1386 2771 occasionem
1411 2714 1531 2769 tamen
1549 2693 1658 2779 mv&

340 2878 343 2883 λ
432 2792 659 2882 niendorum,
684 2791 723 2866 dt
746 2791 1075 2890 cognoscendortun-
1093 2791 1282 2868 effestuum
1317 2791 1451 2883 ansam,
1477 2815 1552 2868 non
1575 2795 1657 2876 rard
1755 2829 1756 2836 ¹

431 2893 532 2966 bruta
556 2889 728 2964 dederunt
752 2891 949 2965 animantia.
982 2893 1075 2965 Nam
1094 2890 1314 2990 caligantium
1340 2892 1519 2966 oculorum
1540 2895 1656 2977 nube·
1755 2911 1756 2936 ¹

432 2991 545 3062 culam
579 2987 781 3063 chelidoniae
811 2987 917 3062 succo
948 2987 1071 3064 discuti
1104 2990 1323 3064 hirundinum
1356 2989 1541 3064 inventum
1582 2987 1657 3082 est,
1755 3029 1756 3078 t

398 3101 399 3110 ’
432 3113 506 3186 quae
531 3086 751 3184 implumibus
785 3087 882 3183 pullis
913 3086 1010 3186 hujus
1035 3088 1242 3163 adminiculo
1270 3085 1400 3177 visum,
1424 3089 1483 3161 vel
1523 3107 1657 3167 acuunt
1755 3101 1756 3108 ’

431 3187 600 3275 retusum,
626 3186 683 3258 vel
709 3181 888 3260 restituunt
914 3183 1084 3260 amissum.
1106 3189 1231 3282 ‚Canes
1257 3186 1413 3282 gramine
1436 3185 1559 3260 manso
1585 3187 1657 3262 sto·
1755 3259 1756 3272 2

430 3285 548 3360 machi
571 3278 743 3358 fastidium
775 3284 970 3373 deducunt,
993 3283 1124 3384 rejebla
1146 3309 1210 3382 per
1234 3285 1405 3360 vomitum
1430 3307 1511 3358 cum
1537 3285 1658 3365 medi-

404 3383 1009 3558 lllltlltltlbitltllt
1030 3382 1656 3558 t‘lldtlltllll'tlltt
1755 3475 1756 3528 τ

432 3507 540 3655 liendi
563 3539 803 3677 patefecerunt
821 3508 976 3673 canani,
1002 3507 1103 3674 dum,
1128 3600 1165 3656 ut
1189 3537 1336 3678 linquitur
1358 3505 1481 3672 Mari),
1534 3507 1580 3563 ex

637 3727 734 3745 --
759 3697 843 3776 tergo
857 3686 997 3756 uolones
1013 3680 1275 3778 haserefhgr'ttae.

433 3773 543 3850 Pastis
567 3777 660 3854 enim
691 3776 865 3852 dislamno
893 3777 1005 3853 cervis
1030 3778 1172 3854 lethales
1197 3778 1380 3852 arundines
1404 3775 1561 3874 protinus
1589 3777 1659 3850 de.

432 3873 601 3952 ciderunt.
634 3875 767 3988 Anguis
803 3876 982 3989 degustato
1010 3875 1160 3951 foeniculi
1185 3876 1315 3952 surculo
1347 3876 1491 3974 spolium
1520 3875 1655 3973 hyber·
1755 3877 1756 3896 ¹

430 3995 515 4050 uum
535 3996 683 4073 exuere,
711 3997 883 4062 neumam
899 3993 1125 4082 egrotantem
1150 3997 1195 4054 ex
1219 3978 1361 4076 origano
1385 3968 1561 4054 medelam
1588 3995 1655 4049 ex·

1572 4091 1655 4146 cer-
