3518 4596
303 387 306 394 ·
444 349 544 440 a!
557 375 644 442 rent
659 343 926 442 Herbart'rnr.
1224 351 1308 470 ri,

90 548 177 626 nrm
199 543 454 642 afferentibus,
484 547 643 646 pulchras
670 544 790 645 quibua
814 548 1001 626 induuntur
1048 543 1185 625 ersonat
1211 545 1305 626 haud
1344 596 1369 643 μ

93 647 301 760 detraxerit,
322 648 432 724 larunt
449 649 524 724 ¹non
546 645 740 746 apposuerit
754 648 943 761 ‘hdminern
967 651 1011 725 ab
1095 667 1217 724 enter·
1246 665 1307 726 aut

90 747 250 844 loquendi
272 747 394 824 saltent
421 743 625 824 facultatem
649 767 721 822 non
753 747 940 834 indiderit,
974 767 1013 822 ut
1034 747 1148 845 quales
1171 705 1304 839 client,

91 845 207 922 eidem
230 865 510 944 expromerent,
542 864 581 921 ut
604 845 643 923 in
670 841 792 922 fabulis
815 846 898 944 oliqn
916 848 1082 924 ,vovebat
1106 843 1306 943 Euripiden.

136 943 267 1020 Fateor
283 941 436 1020 habnilie
449 942 629 1022 hominem
647 943 694 1020 de
712 969 781 1044 quo
805 965 1103 1044 conquereretur,
1128 942 1154 1019 st
1176 944 1304 1022 mentis

91 1041 283 1142 consiliique
299 1045 443 1140 inopem
464 1042 676 1143 produxillet
692 1041 829 1120 divinus
846 1044 1027 1122 Conditor.
1051 1073 1053 1076 ·
1076 1043 1181 1119 Nunc
1199 1043 1304 1120 ratio-

90 1163 168 1217 nem
192 1141 255 1240 ipli
280 1141 450 1220 comitem
466 1142 582 1234 dedit,
607 1163 675 1242 qua
688 1144 883 1242 uecmajuo
906 1142 1060 1234 homini,
1086 1164 1155 1218 nec
1182 1143 1304 1218 melius

91 1239 268 1412 Quicquam
285 1238 433 1318 concedi
450 1241 575 1339 potuit.
624 1240 724 1334 Quid
742 1241 836 1317 enirn
853 1240 943 1316 aliud
966 1263 1013 1316 ea
1032 1237 1103 1334 est,
1127 1263 1232 1339 quarn
1249 1265 1304 1316 rt·

116 1337 161 1414 'ut
178 1337 281 1437 primi
295 1339 378 1415 illius
405 1337 446 1416 dt
462 1338 625 1438 puriffimi
638 1339 746 1438 ignit,
769 1358 875 1438 atque
890 1345 928 1413 dt
944 1340 989 1414 de
1007 1339 1089 1416 Deo
1118 1340 1307 1438 loqueban-

94 1455 140 1548 [Ψ
158 1435 234 1538 ipso
253 1435 365 1515 Stoici
388 1439 535 1552 antiqui,
561 1450 621 1537 aig
634 1439 776 1552 'rtxrttir
797 1445 858 1534 idq
882 1443 1044 1537 βαδίζον,
1070 1436 1195 1514 artifex
1215 1439 1304 1538 ignis

92 1533 1305 1734 ffirtfzptllndill?dtlttlllltillttt

94 1749 445 1849 temperamentorum
461 1733 693 1810 fideliffinrut:
717 1733 914 1810 reconditae
940 1735 1058 1826 item,
1082 1730 1122 1809 dt
1148 1732 1305 1810 sensuum
1394 1759 1396 1762 ·
1420 1771 1426 1789 ι
1466 1779 1469 1786 »

94 1827 309 1930 sagacitatem
322 1831 495 1932 fugientes
511 1832 760 1931 proprietates,
774 1831 878 1909 rard·
892 1831 1068 1932 cautisque
1083 1833 1305 1931 experimen·

95 1928 456 2030 titdeprehenditnur.
503 1935 622 2030 Atque
649 1930 724 2008 hate
748 1931 890 2031 quidem
914 1955 978 2030 per
1005 1931 1049 2008 as
1065 1953 1124 2007 era
1151 1931 1234 2024 illa,
1266 1932 1307 2009 dt

96 2030 253 2108 nocentia
270 2027 466 2108 salutaribu't
478 2026 668 2128 permista,
692 2030 738 2106 ad
757 2030 1011 2131 diligentiorem
1027 1955 1247 2108 {leniorem
1266 2029 1306 2108 dt

96 2129 215 2206 tulturn
237 2128 349 2229 tnagis
364 2129 545 2206 excitatur.
595 2127 742 2226 Optime
762 2129 923 2222 Seneca,
945 2129 1067 2225 Jacet,
1090 2129 1218 2228 inquit,
1233 2130 1307 2206 stne

96 2226 286 2304 aduersario
303 2227 423 2304 virtut.
473 2227 578 2302 Tune
596 2243 740 2324 apparet
756 2247 922 2326 quantum
938 2229 1075 2317 valeat,
1099 2229 1305 2328 polleatque,

95 2346 168 2400 cunt
196 2343 327 2426 quanta
348 2326 413 2419 stt,
437 2323 583 2424 &quid
607 2324 729 2422 poffit,
746 2323 921 2499 quatientia
943 2322 1105 2402 ostendit
1161 2327 1241 2404 Nec
1260 2328 1306 2404 de

96 2423 284 2518 plantarum
300 2425 481 2502 noxiamm
499 2426 518 2501 l
537 2421 732 2504 salutaribut
760 2423 931 2501 eleiiione
947 2423 1045 2502 aliter
1068 2421 1307 2520 sentiendum,

95 2522 232 2600 excitari
253 2523 364 2637 tnagis
382 2523 578 2622 ingenium,
600 2545 669 2622 qun
687 2523 761 2621 plur
780 2522 1047 2615 difficultatum,
1069 2524 1308 2624 malorumque

95 2622 268 2719 objicitur,
293 2645 437 2698 vortere
454 2623 540 2698 item
557 2619 702 2697 adversa
718 2622 908 2719 pleraque,
931 2620 972 2699 dt
993 2623 1097 2699 noxia
1115 2637 1257 2699 vertere
1269 2625 1307 2701 in

95 2717 247 2800 numtrae
269 2721 474 2797 valetudinis
489 2720 773 2796 emolumentum.
798 2719 914 2818 Atque
929 2738 968 2795 ut
984 2720 1215 2800 concedamus
1233 2725 1306 2822 plu-

94 2815 188 2896 rimae
212 2816 289 2898 effe
310 2843 357 2895 ex
378 2819 489 2896 obviis
508 2817 625 2894 lrerbir
650 2817 860 2915 induunt,
885 2818 946 2895 vix
969 2837 1089 2897 tamen
1112 2821 1184 2896 ulae
1209 2819 1308 2919 sunt,

96 2939 161 3013 qun
179 2921 314 2996 summa
328 2917 516 3015 priscorum
540 2916 716 3017 diligentia
732 2939 803 2994 non
827 2917 972 2994 verterit
986 2919 1030 2994 ad
1047 2918 1196 3017 aliquem
1217 2918 1307 2999 deli·
1326 3009 1330 3016 ¹

96 3019 250 3096 derttutn
280 3015 387 3092 usum.
445 3013 594 3107 Plinius,
613 3034 651 3094 ut
676 3016 790 3094 modis
804 3015 964 3094 omniun
981 3003 1164 3102 unitatem
1190 3041 1308 3096 rerum

95 3115 309 3192 conditarum
326 3111 465 3204 afferat,
488 3135 646 3192 naturam
661 3113 768 3192 nostri
786 3114 982 3207 misenam,
995 3118 1134 3194 vedent
1147 3113 1308 3194 instituis·

97 3209 150 3302 se,
172 3213 389 3292 credendum
407 3211 478 3288 effe
500 3211 634 3305 saibit,
658 3235 706 3290 ne
725 3214 761 3289 in
779 3215 883 3292 taedio
907 3213 1007 3308 vit'ae,
1028 3217 1088 3292 vel
1106 3214 1181 3291 dira
1196 3213 1309 3294 famer

96 3309 185 3386 lenta
201 3332 322 3391 morte
338 3314 576 3404 consumeret,
600 3333 648 3388 ne
670 3313 823 3390 lacerum
858 3335 981 3410 corpur
1011 3317 1157 3412 abrupta
1178 3311 1237 3390 dis
1253 3337 1308 3390 er·

96 3431 232 3506 gerent,
248 3434 296 3490 ne
310 3411 348 3488 in
361 3433 524 3510 aquarum
539 3409 712 3510 profundo
725 3409 894 3508 sepultura
911 3411 1041 3508 pabulo
1054 3413 1174 3489 fieret:
1199 3335 1309 3490 aged-

97 3531 161 3604 que
176 3531 333 3586 naturam
350 3509 502 3611 genuiffe
523 3512 619 3610 cujut
640 3507 804 3586 sacilinio
820 3505 967 3600 haustu,
990 3508 1121 3588 illibato
1146 3533 1308 3612 corpore,

98 3607 181 3682 nullo
199 3609 338 3702 labore,
363 3608 553 3688 sitientibut
576 3607 718 3700 limiler,
744 3626 820 3685 toto
844 3629 924 3684 curn
949 3607 1111 3711 sanguine
1125 3611 1308 3713 extingue·

98 3726 215 3784 remur.
268 3707 361 3784 Haec
379 3711 465 3785 verd
480 3728 552 3784 tarn
565 3707 703 3785 incauta
720 3704 822 3784 Plinii
841 3705 1038 3802 sententia,
1060 3731 1131 3786 non
1156 3709 1309 3809 patroci-

96 3802 186 3879 nium
205 3826 333 3884 naturae
349 3825 469 3906 parat;
491 3806 551 3884 sed
567 3806 690 3883 aliena-
699 3806 813 3906 potius
839 3806 983 3886 crimina
1000 3809 1120 3888 eidem
1137 3805 1308 3923 impingit.

99 3897 255 4000 Nuspinrn
275 3904 370 3982 enim
391 3925 609 4010 compertum
631 3903 712 3999 est,
744 3929 824 3983 earn
850 3927 996 4006 operum
1026 3905 1161 3984 luorum
1189 3907 1312 3984 interi·

101 4014 169 4076 tun
182 4001 383 4101 intendere,
407 4003 526 4107 quitur
543 4027 616 4089 tatu
630 4005 825 4088 vehemens
834 4005 895 4185 1{ui
909 4005 1158 4101 conservandi,
1180 4005 1254 4084 itnd
1270 4006 1311 4084 dt
1386 4099 1389 4106 ¹

1184 4117 1312 4206 perca·
