3518 4596
447 327 515 396 ,σι
613 319 692 418 Jo.
743 313 1076 410 vusuruort
1123 267 1358 394 oossstnr
1397 313 1560 420 nm:
1682 272 1689 280 ’

442 522 558 576 rerum
577 498 732 573 omnium
749 492 953 569 eximiarum
974 493 1035 568 vix
1052 492 1229 568 diuturnus
1251 512 1352 568 tenor
1371 492 1423 570 est
1443 522 1453 570 ε
1483 493 1533 572 ita
1552 517 1660 576 mno-

442 598 534 674 ritati
546 601 620 699 jam
637 596 834 695 proximum
851 594 968 670 Callrae
988 591 1136 668 frudlum
1164 590 1280 688 saepius
1299 593 1444 670 immitis
1467 595 1559 670 casus
1575 617 1660 675 atte-
1730 587 1731 594 ἵ

441 699 496 774 rit.
521 693 789 794 Instrepentibus
809 693 902 768 enim
919 695 1019 791 paulo
1049 693 1144 768 altius
1164 691 1297 784 ventis,
1322 693 1477 769 invicem
1499 719 1660 795 conquas·

299 825 302 834 ‘
441 795 520 874 lata
543 799 664 894 srliquae
681 791 867 870 confertim
885 793 1066 886 decidunt,
1094 795 1137 866 ad
1163 793 1258 866 ulum
1276 791 1439 870 humanae
1462 796 1657 874 valetudinis
1731 816 1732 876 l

441 898 608 993 deinceps
625 894 769 990 inepto.
811 890 929 968 Plures
954 892 1056 991 igitur
1071 892 1227 991 ejusdem
1242 891 1330 966 tarni
1348 891 1464 968 lillulae
1486 899 1657 972 communi

442 995 580 1070 vinculo
594 994 630 1067 in
644 997 767 1068 arbore
786 993 1010 1089 colligantur„
1028 1013 1065 1064 ut
1081 992 1138 1064 vel
1155 989 1206 1064 stc
1220 989 1390 1082 doceant,
1416 1015 1487 1066 non
1502 1015 1657 1092 prompte

442 1093 660 1170 fortuitorum
681 1092 814 1189 impetu
834 1089 1011 1189 diffringl„
1030 1088 1191 1188 quicquid
1211 1090 1378 1166 concordi
1399 1091 1530 1166 faedere
1552 1096 1656 1190 priva·
1732 1185 1733 1188 Ἴ

441 1216 515 1268 tam
537 1191 773 1266 infirmitatem
803 1185 976 1264 sustentat.
1037 1188 1222 1262 Accedunt
1246 1188 1372 1266 insidiae
1400 1191 1656 1288 atapacillimis

440 1291 586 1382 furibus,
612 1289 703 1364 unde
721 1287 959 1368 &solicitudo
980 1287 1184 1362 tuendarum
1206 1289 1336 1387 major,
1360 1286 1417 1381 dt,
1427 1311 1464 1363 ut
1485 1313 1566 1365 curn
1586 1291 1655 1366 Ho-

443 1389 531 1466 satio
548 1391 698 1488 loquat„
930 1407 938 1412 ·
1585 1402 1588 1410 ’

540 1587 687 1682 Custodes
695 1586 838 1681 pavidi,
863 1585 906 1669 &
923 1555 1065 1682 vigilum·
1079 1607 1194 1658 canum

541 1685 656 1785 Tristes
674 1686 811 1759 excubia
1087 1735 1091 1741 -

439 1883 589 1982 pretium
603 1905 726 1958 earum.
746 1878 785 1956 ἃ
810 1875 982 1975 impensas
1011 1878 1194 1977 adaugent.
1246 1878 1364 1954 Flores
1388 1878 1566 1984 Saccharo
1579 1903 1653 1958 con·
1734 1927 1735 2022 p

441 1983 520 2075 diti,
546 1981 842 2058 medicamentum
868 1976 1035 2052 exhibent
1066 2001 1189 2052 renum
1209 1979 1324 2055 ardori
1345 1982 1651 2080 contemperaudm

441 2104 517 2160 tum
532 2081 631 2157 lentis
649 2078 830 2175 crassisque
845 2076 1102 2168 recrementis,
1128 2101 1201 2174 quae
1219 2079 1353 2153 tubulos
1380 2099 1559 2156 uretentm
1574 2078 1651 2154 inlc-

441 2182 584 2272 derunt,
609 2176 822 2255 eliminandis
846 2175 1069 2251 utilillrmum..
1115 2176 1224 2268 Quod
1247 2176 1272 2252 fi
1299 2201 1345 2252 ex
1359 2175 1531 2277 allumpta
1548 2177 1656 2257 Calda!

441 2279 634 2378 pulpa,vel
648 2279 784 2352 intento
803 2276 936 2366 calore,
955 2275 1013 2348 vel
1032 2274 1170 2348 acrioris
1191 2274 1295 2352 urinae
1311 2276 1493 2354 concitato
1512 2281 1558 2354 im
1602 2297 1653 2368 tu,
1735 2282 1736 2338 l

440 2404 563 2455 renum
581 2375 798 2477 aegritudines
817 2376 1033 2449 exacerbata
1048 2373 1211 2463 fuenmt,
1235 2393 1273 2448 ut
1297 2374 1525 2455 observarunt
1570 2395 1653 2454 eous

439 2477 480 2554 P·
522 2501 618 2570 aeus,
643 2475 683 2552 du
700 2473 869 2550 Fabritius
894 2471 1090 2548 Hildanus:
1129 2471 1166 2545 id
1188 2476 1274 2547 verb
1295 2498 1367 2549 non
1384 2474 1530 2578 integras
1545 2476 1654 2554 Callae

438 2503 686 2666 mlllennun,
712 2575 757 2648 de
777 2596 844 2671 qua
877 2570 936 2646 ltic
953 2568 1101 2674 Prosper
1115 2571 1259 2667 Alpinus
1279 2570 1415 2671 scribit3
1441 2576 1506 2652 sed
1525 2595 1654 2670 corrup*

441 2695 511 2766 tae,
538 2699 579 2748 ac
600 2674 728 2749 viribus
750 2671 921 2748 obsoletae
971 2669 1097 2768 Neque
1122 2669 1278 2746 hercules
1296 2672 1373 2747 fieri
1393 2673 1532 2770 potest,
1555 2691 1590 2746 ut
1604 2671 1653 2746 in·

440 2773 604 2848 violatam
619 2772 733 2848 servet
758 2771 913 2848 indolem
924 2767 1243 2861 medicamentum,
1269 2771 1361 2868 quod
1377 2776 1413 2846 iu
1437 2792 1513 2848 tam
1532 2770 1652 2870 longio-

350 2953 352 2960 ,
440 2895 522 2968 quas
535 2871 694 2970 regiones
715 2868 871 2962 vehitor,
897 2867 959 2944 vix
978 2867 1014 2941 in
1029 2867 1102 2966 ipso
1116 2869 1221 2946 natali
1241 2870 1312 2944 solo
1328 2895 1408 2946 etun
1420 2895 1504 2949 cura
1524 2870 1652 2949 servan·

443 2971 544 3048 dum,
1129 2977 1132 2984 '

883 3117 1226 3256 danoslss

924 3357 1000 3444 De
1031 3357 1183 3446 Cardb..
1310 3421 1314 3428 .
1468 3365 1471 3372 ’

510 3585 648 3685 iliquam
671 3585 807 3661 dulcem
824 3584 966 3660 nomine
985 3584 1094 3683 magis
1117 3586 1264 3683 proprio
1280 3595 1418 3688 arenulas
1445 3607 1465 3660 a
1489 3583 1652 3686 penarmt

441 3591 503 3761 S·
521 3683 725 3762 vetustiores
753 3688 772 3761 ὲ
797 3669 931 3760 Graecis
958 3685 1239 3784 Botanograplri‚
1284 3691 1374 3790 quod
1398 3610 1545 3762 fruelm
1565 3682 1648 3762 fem

444 3808 611 3860 commun
635 3787 832 3860 rudimenta
851 3785 1017 3860 contortis
1037 3787 1247 3862 membranis
1266 3788 1529 3886 exprimentem.
1569 3781 1647 3856 Ara·

440 3886 504 3959 bes
532 3889 574 3960 ab
601 3884 669 3960 hac
687 3882 935 3984 fignificatione
960 3884 1052 3960 haud
1079 3885 1223 3979 nivern,
1249 3889 1409 3964 arborem
1435 3887 1571 3961 liemab
1587 3901 1646 3954 no-

439 3982 599 4082 minant„
607 3983 645 4065 id
662 3982 713 4066 est
726 3987 906 4066 Coruuum
920 4001 1122 4085 parentem,
1146 4007 1292 4087 recepto
1309 3987 1387 4090 iplis
1407 3980 1566 4088 loquendi
1573 4001 1645 4056 mo·

1589 4097 1649 4166 1¹05·
