3518 4596
205 353 381 444 enosr.
429 359 587 466 mum.
633 354 709 444 ¹nn
757 361 935 446 annun
983 361 1203 450 rnorem
1258 377 1323 450 rm

1 509 2 548 Ν
101 541 180 623 ‚Vix
194 559 276 620 toto
294 541 525 642 quinquennio
543 543 636 618 circa
653 541 873 642 Memphim,
899 545 951 630 bis
968 563 1067 623 terve
1082 548 1214 644 pluvias
1236 549 1331 625 ceei-

1 703 2 738 ,
101 642 191 724 disse
210 641 414 733 observavi,
427 663 495 716 nec
513 641 583 717 illas
601 643 774 740 ingentes,
790 667 929 743 quaque
953 646 1024 720 sata
1039 647 1225 724 diluerent:
1244 671 1330 724 nun-

1 789 2 866 l
240 742 391 815 imbrem
412 739 547 817 turbine
564 741 736 832 citatum,
769 763 827 816 aut
844 744 1045 841 pernitiosos
1078 745 1207 844 ignium
1228 749 1330 821 coele-

1 871 2 876 *
99 766 391 929 fflafflatus,
417 857 475 912 aut
499 841 727 938 glomeratum
749 840 842 918 soeda
868 841 1082 940 tempestate
1104 846 1331 942 grandinem,

97 938 302 1036 similesque
326 937 549 1013 calamitates.
601 939 717 1036 Atque
738 959 775 1015 ut
798 944 1012 1038 penetrabile
1040 943 1079 1031 dr
1106 944 1251 1017 adurens
1271 943 1332 1018 fri·
1373 1023 1385 1038 ,

100 1061 168 1136 gos
195 1091 207 1128 ‚
233 1036 360 1110 coelum
382 1033 490 1134 ipsum
509 1035 723 1113 nascentibus
744 1039 811 1113 illic
829 1040 984 1136 plantulis
1005 1041 1178 1116 defendit:
1204 1043 1252 1115 ita
1274 1065 1332 1116 ea-

100 1138 221 1212 lorem
242 1135 329 1210 Solis
352 1133 652 1210 inclementiorem
674 1191 686 1229 ,
710 1137 979 1235 qualibet‘circa
999 1139 1154 1213 radicem
1174 1140 1345 1238 disposita

94 1231 231 1312 testum
250 1231 412 1308 excludit.
1196 1233 1200 1244 ’

152 1332 219 1408 Ad
233 1331 381 1407 Cassiam
395 1331 502 1406 venio
518 1332 677 1406 arborum
692 1331 938 1430 AEgyptiarum
954 1333 1230 1431 pulcherrimam.
1281 1338 1334 1411 Λ.

76 1436 79 1445 “
97 1434 211 1509 tabes
221 1429 314 1503 illam
328 1430 446 1527 Sagiar
465 1429 496 1502 el
514 1429 654 1504 selichet
672 1451 819 1520 vocant,
844 1451 1006 1528 tanquam
1019 1434 1168 1508 nominis
1177 1433 1333 1534 egestate

99 1533 274 1606 arborem
292 1527 412 1624 siliquae
431 1527 636 1624 exprimant.
687 1529 812 1602 Turcae
833 1531 1038 1626 praediorum
1056 1530 1205 1630 AEgypti
1229 1533 1334 1612 hodie

105 1624 316 1743 possessores
334 1626 462 1700 Chalar
480 1627 633 1701 Xambar
657 1627 856 1723 appellant,
886 1629 1019 1728 nigram
1037 1628 1165 1704 scilicet
1187 1634 1333 1707 Caffiam

105 1743 309 1806 innuentes.
373 1721 552 1798 Asiuarius
575 1722 653 1800 sane
680 1724 808 1821 primus
831 1725 922 1800 inter
949 1729 1094 1803 Graecos
1120 1730 1333 1805 recentiores

105 1833 250 1906 nautas
270 1829 446 1918 plamae,
471 1822 618 1898 Calliam
639 1822 772 1922 nigram
796 1823 1010 1923 indigitavit:
1035 1827 1192 1924 quamvis
1216 1828 1335 1903 Cassrae

105 1923 257 2003 nomine
277 1917 490 1995 vetustiffimi
509 1919 690 2012 auctores,
715 1921 831 1997 nobile
856 1923 1030 2020 quoddam
1054 1923 1335 2000 &cinnamomo

106 2039 303 2122 cognatum
317 2041 437 2092 aroma
455 2017 703 2116 descripserint.
755 2021 829 2110 Qui
844 2023 994 2096 eandem
1011 2023 1200 2100 Coroniam
1213 2026 1335 2100 Theo-

108 2117 243 2221 phrasti
265 2116 447 2192 nominant
468 2173 480 2209 ,
504 2141 574 2191 non
599 2118 803 2210 observant,
827 2143 907 2195 eam
928 2120 967 2198 dt
985 2121 1143 2216 foliorum
1160 2123 1336 2197 caducita·

107 2237 171 2312 τε,
197 2215 378 2294 &florum
399 2235 472 2290 tarn
496 2215 690 2307 flavedine,
715 2221 817 2315 quim
831 2217 1086 2311 suaveolentia,
1111 2219 1336 2297 manifestissi-

107 2343 173 2399 rno
195 2314 396 2390 discrimine
413 2312 552 2413 sejungi.
604 2316 776 2408 Quamvis
795 2314 897 2415 igitur
919 2337 1101 2418 utrumque
1116 2343 1244 2396 nomen
1266 2319 1336 2395 lruc
1420 2321 1425 2328 “

107 2413 253 2518 proprii
274 2437 345 2488 non
360 2411 511 2510 spebiet3
534 2413 583 2487 nil
603 2411 716 2490 obstat
732 2432 871 2505 tamen,
897 2441 965 2514 quo
985 2418 1096 2492 mimis
1109 2419 1226 2495 Calliae
1244 2416 1336 2492 fillu-

108 2519 152 2596 lae
166 2511 312 2592 nomine
327 2512 478 2587 fidenter
492 2529 644 2604 utamur,
673 2513 766 2612 quod
781 2513 1010 2607 consuetudo,
1035 2515 1265 2592 &diuturnus
1284 2519 1337 2590 lo-

108 2611 246 2716 quendi
264 2609 339 2686 usus
354 2609 407 2685 rei
422 2609 572 2685 Medica
588 2611 742 2688 donavit.
793 2613 909 2687 Arbor
927 2613 1050 2688 haecin
1075 2614 1252 2689 maritimis
1269 2615 1338 2690 AEa

112 2713 219 2816 gypsi
237 2707 322 2784 loc'is
339 2707 552 2808 frequentior
573 2707 624 2785 est
640 2737 648 2786 ε
689 2710 814 2808 quippe
830 2695 1092 2806 declivioribus,
1118 2712 1157 2788 ἃ
1175 2735 1338 2813 aquarum

108 2810 221 2908 copia
240 2807 351 2920 magis
374 2807 516 2920 irriguis.
578 2809 670 2885 Nuci
687 2809 840 2909 juglandi
863 2828 902 2884 ut
927 2809 1085 2886 soliorum
1115 2811 1336 2888 imitamento

110 2933 178 3011 par
189 2904 247 2982 est
265 2935 272 2982 :
298 2926 348 2979 rta
361 2902 472 3004 stirpis
497 2907 734 3005 magnitudine
753 2907 792 2985 dr
811 2908 936 3000 robore
957 2909 1060 2986 cedit.
1111 2909 1269 2990 Partibus
1286 2933 1338 2986 ta-

110 3031 202 3087 men
220 3003 379 3080 omnibus
393 3004 592 3103 elegantior.
618 3007 709 3082 Nam
722 3003 1112 3111 liveliosculisfoliorum
1127 3029 1337 3106 proventum

109 3104 383 3204 anticipantibus
399 3103 549 3178 suaviter
567 3127 670 3180 aurea
687 3105 748 3199 srt,
772 3107 844 3196 five
864 3107 1023 3181 foliorum
1037 3107 1226 3206 florumque
1265 3127 1338 3182 rata

111 3203 285 3305 congerie
300 3201 739 3300 decentidslocupletata,
764 3205 835 3298 live
860 3207 1019 3297 floribus,
1045 3205 1154 3297 soliis,
1179 3135 1290 3280 fruge
1308 3205 1339 3280 i-

111 3323 192 3382 tem
215 3301 328 3378 veteri
343 3299 382 3376 ἃ
399 3301 537 3377 novello
553 3301 692 3399 pulchre
709 3299 869 3414 gravida,
894 3305 976 3378 nihil
999 3301 1049 3378 est
1066 3305 1156 3402 quod
1170 3307 1227 3378 vel
1239 3329 1337 3378 com-

110 3400 298 3504 paratione
313 3399 350 3474 in
364 3399 563 3499 juglandem
582 3421 777 3476 convemat.
828 3403 1049 3498 Crepitantes
1076 3425 1192 3476 autem
1217 3407 1340 3478 icon-

111 3497 214 3579 cuffu
235 3497 382 3590 fistulas,
405 3500 554 3596 optimas
580 3497 679 3592 elle,
712 3499 839 3596 Alpino
868 3497 984 3574 nostro
1006 3499 1180 3575 vendaces
1199 3502 1339 3600 quidam

115 3598 282 3702 AEgyptii
298 3596 559 3696 persuaserunt:
593 3597 763 3674 cautiores
783 3616 902 3676 tamen
927 3617 1137 3674 mercatores
1163 3657 1173 3690 ‚
1199 3603 1236 3676 dt
1254 3625 1338 3698 quos

114 3699 329 3798 crepitacula
344 3697 399 3772 illa
417 3699 437 3772 *a
453 3695 611 3772 solidiore
630 3697 740 3772 sruslu
763 3701 921 3774 accurate
941 3698 1121 3774 secernere
1142 3700 1230 3789 vidi,
1258 3698 1338 3774 &si

140 3822 185 3874 ua
199 3795 319 3875 fistulae
338 3813 438 3892 parte
457 3793 493 3870 se
516 3792 703 3870 distinsiirls
724 3796 897 3891 offerunt,
936 3817 1098 3872 eatenus
1122 3802 1338 3894 abrumpere.

113 3823 229 3976 iride
245 3893 343 3972 enirn
358 3894 447 3971 intra
459 3892 594 3992 septum
611 3894 741 3972 semina
757 3897 954 3988 continent,
968 3896 1006 3973 dt
1018 3899 1240 3996 pulpamento
1254 3899 1341 3970 mel·
1457 3939 1484 3958 -
1502 3957 1504 3964 ,

113 3979 178 4090 iso
192 3993 376 4124 destituta,
398 3991 544 4076 hutnore
562 3995 658 4084 tenui
673 3996 987 4180 quoreduniiabant
1010 3995 1161 4074 ‹liscuffn
1212 3994 1340 4164 Sedrtert

837 4405 898 4462 p,
