3566 4596
437 307 527 384 2321v
835 271 1020 389 Joannis
1041 267 1237 392 Vastingii

440 473 577 574 liquoris
597 471 743 548 accusati
763 469 968 572 probatione
985 470 1133 570 ingenue
1151 469 1287 560 datam,
1307 465 1385 565 pari
1406 465 1667 544 constantiaru-

439 575 606 647 v‘iolatam
631 571 857 659 conservabo,
908 571 1101 642 Aeternum
1121 567 1214 641 illum
1233 571 1402 642 bonorum
1421 567 1577 641 omnium
1600 591 1663 640 au-

442 665 578 745 ctorem
598 667 758 758 testatus,
783 667 926 765 verique
948 663 1122 741 consciam
1141 687 1320 757 mentem,
1344 663 1494 739 menihil
1514 665 1660 755 nicaei

442 769 622 858 amicitia,
647 767 702 840 vel
728 765 887 860 precibus
912 763 1065 860 dedisse,
1090 761 1150 838 sed
1166 762 1297 838 inscitia
1311 764 1437 861 aliquot
1454 763 1659 859 pharmaco-

442 891 599 967 poeorum
624 861 795 960 abjectum
817 863 1012 961 liquorem,
1031 865 1107 962 jam
1122 881 1203 935 ante
1224 861 1315 936 inter
1334 865 1469 936 Arabes
1492 865 1593 935 arne
1606 861 1664 934 sae·

440 970 519 1064 pius
535 962 775 1052 observatum,
799 959 838 1036 ἃ
860 961 1120 1050 exaurinatum,
1145 957 1324 1058 postquam
1340 959 1469 1034 cunslis
1494 958 1665 1035 decenter

444 1063 536 1138 notis
571 1061 866 1154 exploraveram,
899 1083 1064 1150 verum,
1097 1059 1356 1157 legitimumque
1389 1058 1661 1156 Opobalsamurn

445 1155 692 1260 pronunciasse.
743 1157 941 1254 Proponam
972 1177 1088 1231 autern
1112 1157 1203 1253 priua
1221 1155 1302 1254 quid
1327 1181 1433 1230 annos
1459 1159 1550 1231 ultra
1572 1157 1664 1255 quin

318 1261 328 1282 ³
473 1283 514 1332 ue
534 1311 545 1346 ,
571 1257 706 1331 durnin
731 1257 785 1330 Ae
857 1276 894 1331 to
903 1254 962 1330 sub
982 1251 1200 1358 illustrissimis
1218 1255 1299 1328 viris
1315 1255 1454 1354 Aloysro
1471 1255 1662 1345 Cornelio,

445 1285 484 1432 gr
514 1378 627 1428 oanne
641 1355 801 1445 Donato,
847 1375 1028 1429 enetorum
1037 1351 1660 1450 Consulibusdiberalislipendiome·

447 1454 599 1530 dicinam
617 1452 708 1545 feci,
732 1453 779 1526 de
799 1453 976 1542 Balsamo,
1000 1450 1138 1551 ejusque
1158 1451 1288 1548 liquore
1298 1450 1476 1550 cognitum
1492 1451 1657 1527 mihisue·

446 1555 513 1644 rit,
538 1572 613 1626 tum
631 1553 723 1651 quod
740 1549 799 1626 hic
818 1550 889 1648 ipse
913 1570 1094 1648 receptum
1115 1548 1295 1646 antiquitis
1321 1549 1597 1646 opobalsamum
1614 1551 1660 1640 fit

446 1675 492 1726 err
509 1649 719 1748 optimorum
739 1651 828 1746 apud
846 1647 956 1749 piscos
974 1666 1131 1723 autortun
1142 1647 1328 1738 sententia,
1338 1645 1416 1743 poll
1429 1650 1601 1726 eximium
1608 1674 1662 1724 an·

306 1767 310 1774 ·
447 1749 653 1824 tecefforem
676 1771 824 1837 meum,
851 1747 941 1822 Pros
958 1771 1055 1821 erum
1078 1747 1265 1842 Alpinum,
1295 1746 1456 1822 brevibus
1474 1745 1661 1847 subjiciam

497 1845 560 1926 Est
581 1848 696 1946 itaque
723 1849 847 1944 planta
873 1773 1021 1920 Baisami
1042 1845 1162 1919 natalis
1186 1846 1282 1918 telius
1309 1843 1467 1936 Arabia,
1491 1846 1662 1922 odorifera

446 1947 521 2037 illa,
547 1945 666 2036 dives,
692 1969 733 2020 ac
751 1948 861 2019 beatae
879 1942 1087 2042 cognomine
1105 1941 1186 2025 olim
1201 1941 1340 2040 inclyta.
1391 1942 1557 2020 Odorum
1572 1944 1660 2018 enim

447 2068 491 2119 ea
529 2043 735 2118 circumfluit
764 2040 887 2137 copia,
912 2060 950 2116 ut
981 2039 1159 2116 fastidium
1191 2039 1311 2116 incolis
1343 2042 1454 2138 pariat
1496 2044 1660 2119 assiduitas

447 2141 653 2238 voluptatis,
678 2141 751 2216 imo
775 2147 997 2236 καρηβαρίη,
1022 2138 1249 2238 gravedinem
1266 2138 1391 2214 inserat
1407 2163 1449 2215 ca
1474 2141 1539 2234 iti,
1564 2166 1662 2239 quarn

446 2239 575 2337 priscos
597 2237 749 2336 Asphalti
767 2239 888 2314 nidore
905 2237 944 2315 δι
957 2259 1192 2338 tragopogone
1208 2235 1385 2312 discuffilse
1404 2265 1435 2332 r⁴
1459 2260 1513 2314 ert
1520 2243 1665 2330 Strabo,

450 2337 852 2437 eosdemqueregessuos
867 2337 1198 2430 ὥτοόςκοπρόνκ,
1214 2336 1307 2410 circa
1323 2331 1533 2436 sterquilinia
1548 2338 1666 2436 sepeli·

448 2435 545 2514 rdffe.
597 2434 746 2510 Divitias
769 2433 1026 2511 accumulamur
1056 2435 1128 2509 auri
1150 2433 1326 2533 glebulis,
1352 2435 1491 2533 Beryllo
1507 2439 1568 2513 Srn
1649 2481 1666 2498 ·

447 2539 563 2634 doque
576 2533 702 2634 jundlis
724 2591 735 2624 ,
761 2534 880 2633 quibus
898 2534 1037 2608 metalla
1062 2532 1098 2606 in
1115 2530 1273 2608 confiniis
1295 2531 1483 2610 scatebant.
1529 2461 1663 2609 Poatffi·

447 2635 546 2708 rndm
567 2637 652 2708 verb
677 2631 875 2708 desrderatae
897 2631 1074 2729 Europaeis
1089 2631 1224 2728 populis
1243 2631 1373 2708 mercia
1387 2630 1517 2734 ingenti
1530 2633 1664 2730 pretim

449 2733 622 2830 quajuxta
638 2753 717 2808 cum
735 2731 852 2821 Indis,
879 2729 1239 2820 &Sedbmninima
1257 2731 1665 2826 computatione,miliiea

449 2849 601 2902 centena
614 2827 804 2908 sestertium
826 2828 951 2917 millia,
977 2827 1074 2908 anuis
1084 2826 1244 2904 omnibus
1263 2829 1414 2926 Imperio
1423 2827 1588 2906 Romano
1596 2829 1666 2906 adi·

449 2930 604 3004 mebant.
655 2927 802 3004 Beatam
818 2923 969 3003 faciebat
989 2981 1000 3018 ,
1032 2945 1069 3000 ut
1085 2926 1171 3002 serio
1190 2925 1409 3024 conqueritur
1426 2925 1584 3023 Plinius,
1607 2929 1668 3004 ho·

448 3027 583 3102 minum
607 3024 714 3100 etiarn
731 3027 767 3100 iu
784 3045 896 3102 morte
913 3023 1042 3100 luxuria
1062 3079 1083 3114 ,.
1109 3045 1190 3099 curn
1203 3025 1326 3098 honori
1341 3026 1556 3104 cadaverum
1574 3051 1667 3106 acer-

448 3123 560 3197 vatim
585 3146 652 3196 con
676 3143 849 3214 cretona,
887 3148 961 3222 quae
987 3119 1067 3198 Diis
1095 3123 1326 3222 persingulas
1355 3123 1462 3199 micas
1489 3127 1666 3204 dabantur.

450 3213 639 3334 limitabat
652 3148 729 3334 fiac
753 3223 825 3320 ejus
842 3221 1016 3311 felicitas,
1050 3221 1190 3300 avidam
1208 3221 1298 3316 apud
1319 3221 1468 3298 summos
1486 3224 1666 3322 dynastas,

451 3319 1419 3493 totta*⁰rrtalut¹arttlerlar
1442 3323 1667 3442 llll*

451 3513 537 3589 iliius
564 3444 769 3592 invadendae
800 3442 983 3614 praeieffius
1016 3516 1189 3605 dabatur,
1222 3441 1504 3616 utcunqueelreaii}
1522 3445 1669 3611 iffi
1764 3521 1765 3542 ¹

450 3614 535 3708 μένοι
555 3621 581 3684 ἢ
599 3613 718 3686 πάντων
736 3623 769 3688 o'u
787 3617 1032 3709 πρεσβεύσαιντο
1055 3615 1269 3710 οΓΑϋβις,
1295 3616 1387 3713 quod
1411 3615 1472 3692 soii
1486 3620 1580 3696 inter
1596 3646 1670 3696 om·

449 3735 534 3801 nes,
558 3708 649 3783 haud
666 3729 820 3787 oratores
841 3711 1003 3788 misissent
1020 3714 1179 3802 Arabes,
1214 3711 1448 3790 sou-missionis
1473 3739 1532 3792 aut
1552 3718 1668 3798 anici-

447 3809 542 3884 ·citiae
561 3809 714 3884 nuncios.
747 3809 911 3890 Vexabat
932 3811 1062 3885 eadem
1085 3807 1276 3908 Augustum
1294 3811 1466 3890 Caesareru
1481 3817 1669 3914 cupiditas,

456 3903 518 4009 qui
541 3929 621 3986 curn
637 3908 792 3991 exercitu
807 3907 970 3988 mittebat
985 3908 1123 3988 Aelium
1145 3909 1313 4006 Galum,
1335 3932 1375 3989 ut
1390 3913 1600 4018 regionem,
1633 3913 1669 3988 dr
