3544 4592
277 357 779 447 onnnnurrs
830 365 1171 451 moturi.
1300 405 1323 478 7

27 555 28 650 l
106 569 140 626 ut
161 549 354 628 mdurent„
387 551 547 650 Nonnulli
579 552 688 627 etiam
717 549 901 642 erfonis,
944 551 1082 628 floribus
1113 551 1323 654 impersesiis
1452 589 1457 596 ¹

106 652 233 726 soccum
254 665 404 750 parant,
429 650 486 726 sed
507 675 552 725 eo
571 649 622 726 est
645 652 702 725 hic
728 652 883 725 bonitate
908 652 1058 727 inferior.
1111 655 1203 731 Caini
1222 655 1324 728 sori.

108 753 159 824 arii
183 755 228 826 ad
249 750 483 849 denigrandas
501 752 608 848 pelles
635 752 778 823 multam
808 751 944 846 copiam
966 750 1091 828 illiusce
1117 751 1207 828 succi
1227 755 1323 828 adsu-

107 871 220 926 mimn-
258 849 390 947 liujus»
409 851 536 924 arboris
561 871 635 924 mus
653 873 754 947 atque
778 849 919 924 soemina
935 855 1124 948 reperitur,
1151 853 1227 928 blas
1251 857 1324 952 qui-

106 949 177 1022 dem
200 946 381 1045 spinisrell
396 948 570 1041 humour,
587 947 715 1024 nunus
736 971 805 1022 non
828 951 910 1022 edit.
935 947 1096 1025 Foemina
1117 951 1220 1049 spinis
1238 977 1324 1050 pau-

115 1047 582 1145 eioribuo,21nolliotibusque
615 1047 744 1122 referta
767 1045 841 1137 ell,
868 1070 977 1219 capre
1000 1073 1088 1122 intra
1114 1075 1227 1124 ramos
1252 1044 1349 1127 non'

115 1145 315 1238 babet,·sod
343 1148 474 1219 tannim
495 1157 603 1222 extra.
655 1147 744 1239 Quae
767 1151 866 1218 arbor
891 1172 912 1218 e
970 1147 1323 1240 secundiliinrmtlo-
1368 1187 1382 1205 ·

111 1269 238 1344 reteque
269 1245 475 1318 orientibus
493 1243 707 1334 pleiadibus,
730 1245 924 1318 Novembri
954 1246 1080 1321 scilieet
1097 1249 1216 1322 ulenl'e
1237 1251 1322 1323 inci.

110 1343 358 1438 ptr,&rutsum
368 1344 487 1417 iisdem
499 1344 738 1418 occidentibus
750 1373 756 1416 :
769 1343 897 1416 scilicet
909 1344 1025 1418 mense
1040 1347 1190 1446 Martio,
1205 1347 1320 1447 bisque

110 1443 137 1513 in
156 1465 243 1516 anno
260 1441 394 1516 nuum
409 1443 496 1534 sert,
517 1463 624 1541 atque
643 1461 802 1516 maturat.
831 1444 912 1516 Sine
931 1444 1036 1516 dul-io
1056 1443 1145 1518 hanc
1163 1452 1322 1521 arborem

108 1537 166 1613 elle
178 1565 306 1616 veram
332 1542 549 1640 antiquorum
567 1541 765 1630 Acacium,
792 1543 845 1616 vel
868 1541 999 1638 spinam
1026 1541 1250 1642 AEgppnam
1277 1571 1329 1621 ex·

109 1641 184 1714 notis
200 1639 449 1716 affirmandum
464 1636 532 1713 en:
547 1643 787 1738 praecipueque
805 1639 883 1737 quia
903 1641 991 1714 nulla
1006 1641 1068 1714 alia
1079 1646 1180 1716 arbor
1189 1645 1321 1740 spinosa
1432 1665 1434 1668 ·

110 1736 316 1837 inAEgypto
338 1739 526 1835 reperitur,
553 1763 624 1836 quae
650 1741 761 1837 magis
781 1738 871 1812 noris
886 1737 1010 1816 acuciae
1027 1739 1159 1814 tributis
1180 1746 1320 1840 respon-

113 1833 196 1928 deat,
222 1859 262 1911 at
310 1861 331 1912 e
350 1841 458 1911 nnrlto
478 1845 586 1936 magis
606 1837 698 1936 quod
720 1839 765 1911 illi
783 1837 953 1911 Kaclriam
973 1859 1107 1936 quoque
1127 1843 1318 1918 nominant.

113 1932 246 2012 ovlL
305 1937 336 2010 N
348 1937 412 2012 DJ·
445 1935 542 2011 Hinc
557 1961 623 2034 ego
646 1937 770 2010 multos
789 1960 858 2010 non
881 1934 1012 2033 possum
1036 1960 1105 2010 non
1128 1937 1321 2016 vehemen-

111 2051 153 2106 ter
167 2035 349 2126 admirari,
377 2035 436 2134 quix
451 2035 605 2110 nesciant
623 2035 747 2109 acaciae
764 2059 885 2109 verum
905 2036 1041 2109 succum
1057 2037 1124 2110 huc
1142 2060 1187 2110 ex
1205 2039 1319 2153 AEgp-
1423 2105 1427 2112 .
1499 2073 1503 2082 ⁴

112 2146 161 2226 pto
177 2134 333 2232 qnotidie
355 2135 574 2230 comportari.
600 2135 702 2209 Nunc
719 2133 810 2209 enim
828 2134 929 2230 pauci
952 2135 1226 2234 pharmacopolae
1246 2161 1319 2212 exi·

110 2226 186 2304 llum
205 2231 368 2319 Patavii,
393 2252 446 2306 ac<
458 2232 641 2324 Veneriis,
664 2233 724 2332 qui
741 2257 820 2305 eum
845 2235 983 2307 succum
1007 2237 1185 2334 ignorent,
1215 2259 1320 2334 quem

111 2325 319 2406 orientalem
345 2332 504 2406 acaciam·
525 2333 715 2430 appellant,
741 2333 784 2406 ad
808 2331 932 2408 illiusce
960 2331 1070 2424 succi,
1090 2358 1193 2432 quem
1221 2333 1319 2408 multi
1418 2334 1432 2354 ·’

110 2447 161 2518 pro
175 2431 297 2504 acacia
310 2427 533 2524 substituunt,
556 2429 808 2521 differentiam,
833 2432 950 2528 quiex
968 2428 1183 2528 sylvestribus
1200 2433 1317 2527 prunis

112 2524 338 2624 iquibusdam
365 2541 522 2626 parattu.‘
563 2531 686 2628 Neque
711 2529 821 2604 minus
848 2531 954 2602 etiam
980 2531 1085 2601 miror
1116 2531 1316 2622 nonnullos,

110 2627 187 2717 quod
209 2627 302 2702 hanc
317 2631 548 2724 plantamnon
569 2631 589 2703 a
608 2627 877 2704 Clarissimorum
896 2627 1112 2699 Venetorum
1132 2619 1317 2704 Consulum

111 2723 260 2817 medicis,
287 2728 344 2800 vel
371 2727 646 2824 pharmacopolis
668 2726 702 2800 in
725 2725 884 2824 AEgypto
904 2726 1030 2798 multos
1051 2749 1158 2802 annos
1176 2727 1316 2803 versatis

110 2825 608 2922 receperintpotids‚qubmex
633 2825 901 2924 Gracia‚quam
916 2825 1040 2900 acaciae
1053 2825 1209 2900 feracem
1220 2825 1325 2902 fuisse
1416 2899 1419 2908 ,

112 2939 204 2994 nemo
231 2925 448 3023 antiquortnn
474 2921 576 3014 dixit,
605 2924 711 2998 veluti
736 2924 856 3016 multi,
882 2923 971 3033 quod
998 2923 1034 2996 in
1057 2923 1108 2998 AE
1155 2945 1218 3040 pto
1242 2925 1317 3001 haec

110 3017 210 3110 planta
225 3024 342 3114 vivat,
360 3023 488 3120 spinam
508 3023 713 3122 AEgyptiam
731 3023 835 3119 ipsam
853 3043 1082 3112 nominarunt.
1148 3023 1329 3121 uJusmodi,
1454 3021 1458 3028 ’

110 3113 210 3216 itaque
230 3123 356 3233 planta
378 3145 485 3220 genus
503 3145 572 3197 non
595 3145 640 3196 ex
663 3123 821 3212 Graecia,
860 3142 897 3196 ut
929 3123 1084 3196 Andreas
1106 3122 1316 3200 lllattheolus

111 3209 265 3308 Byzantro
286 3220 321 3295 se
347 3220 498 3296 habuisse
526 3221 594 3312 ait,
620 3221 653 3292 in
681 3237 747 3316 qul
773 3243 978 3294 tamennon
1002 3221 1123 3318 partlm
1149 3219 1315 3319 deceptus

111 3307 178 3406 luit,
201 3317 259 3394 sed
273 3323 317 3394 ab
336 3319 386 3393 AE
413 3406 418 3414 ι
434 3341 495 3416 pto
513 3320 604 3393 soret
618 3320 830 3416 petendum,
855 3321 970 3419 inqua
988 3343 1109 3394 omnes
1134 3317 1314 3420 scriptores

111 3416 247 3516 aratiam
275 3345 489 3515 copiosissme
515 3419 700 3515 provenire
740 3419 962 3492 affirmarunt.
1013 3419 1164 3516 'sibique
1188 3423 1313 3496 acacia

110 3507 185 3587 llam
216 3517 422 3616 imaginem,
455 3539 557 3617 quarn
588 3517 796 3591 lllattheolus
823 3516 956 3614 pinxit,
976 3517 1080 3614 ¹pland
1096 3515 1213 3593 salsam
1243 3519 1328 3596 elie·

112 3611 304 3690 notillmum
329 3641 374 3691 ex
404 3615 503 3708 dislis
526 3637 641 3714 puro,-
672 3613 888 3690 ALl’lN..·
920 3617 1021 3690 Aliud
1044 3617 1089 3690 de
1111 3618 1228 3691 acacia
1247 3621 1314 3695 erit

114 3709 462 3805 mimadvertendum,
485 3715 609 3814 quippe
628 3715 754 3790 multos
772 3715 819 3790 sit
833 3714 941 3790 etiarn
957 3713 1099 3804 enasse,
1111 3735 1147 3788 ut
1162 3718 1314 3813 putarint

116 3827 297 3907 glumam,
323 3837 425 3913 quam
452 3819 610 3890 arborem
631 3815 719 3888 hanc
755 3815 846 3889 serre
871 3815 968 3888 multi
994 3815 1246 3904 meminerunt,
1277 3841 1314 3890 a·

116 3908 171 3994 pud
188 3935 248 3988 nor
273 3913 389 4012 utique
409 3937 477 3988 non
496 3914 655 4013 reperiri,
693 3937 806 4011 neque
826 3940 871 3989 ex
888 3913 1048 4012 AEgypto
1077 3937 1195 3987 veram
1217 3937 1315 3988 com·

117 4012 254 4105 lvnui,
293 4013 385 4112 quod
419 4013 528 4111 ipsam
557 4014 670 4094 forma
700 4014 918 4096 vermiculari
951 4009 1106 4091 constare
1136 4011 1333 4090 Dioscorir·

1244 4111 1306 4185 des
1408 4161 1411 4164 -
