3544 4592
420 363 465 438 14
656 339 976 422 ruosruni
1024 341 1274 428 turriti
1322 352 1436 433 urin
1586 279 1590 332 ³

415 513 637 607 incaluerint,
662 515 744 592 resri
769 517 993 618 erationeque
1019 540 1106 620 opus
1128 521 1279 620 habent,
1304 527 1344 606 ἃ
1359 529 1641 614 buneaaiione.

413 613 541 728 fruslus
570 614 743 728 siquidem·
780 616 787 630 '
803 615 918 730 frigidi
937 627 1130 717 temperate
1147 622 1314 720 existunt,
1339 633 1551 733 multumque
1569 619 1638 710 huss

414 714 518 802 midi,
544 713 657 786 alvum
676 713 776 792 facili
795 717 976 808 lubricant,
1006 739 1108 819 atque
1133 723 1307 816 relaxant,
1341 749 1493 808 tumores
1515 759 1642 812 omnes

368 829 383 862 ·
416 812 563 900 calidos,
588 832 689 910 atque
712 814 814 888 duros
832 816 964 892 ficubus
979 817 1173 917 ,emplastri
1193 825 1301 900 mo'do
1319 829 1386 920 usi,
1397 829 1526 910 sanant.
1544 833 1638 909 Pau-

415 911 448 984 ci
464 908 557 1000 sunt,
582 911 638 1021 qui
655 909 812 1004 succum,
836 933 874 988 ut
888 915 1049 991 meminit
1064 919 1302 1015 Dioscorides,
1316 949 1362 1004 ex
1381 948 1504 1010 trunco
1517 933 1642 1006 vulne-

414 1027 536 1082 nerato
556 1010 732 1109 colbgant:
759 1011 933 1089 affirmant
957 1035 1078 1092 tamen
1098 1018 1370 1114 praesentaneum
1387 1025 1456 1101 effe
1474 1025 1640 1106 auxilium

415 1107 458 1219 ad
477 1107 704 1183 emolliendos
719 1109 900 1189 scirrhosos
918 1131 1095 1210 tumores,
1121 1137 1224 1218 atque
1241 1121 1436 1220 adpellem
1452 1127 1641 1226 noniguo-

415 1206 522 1284 bilem
540 1209 634 1282 usum
656 1207 797 1288 habere.

745 1451 753 1462 ·
840 1423 1059 1502 Citut
1108 1425 1208 1504 Vll.

779 1593 855 1680 De
886 1597 1040 1683 Palma
1068 1597 1268 1699 vuchei!

289 1722 299 1742 r
413 1779 573 1860 ALPIN.
640 1784 739 1858 Alina
764 1784 934 1862 notissima
952 1784 1004 1862 est
1025 1791 1126 1866 arbor
1148 1812 1220 1866 nou
1236 1792 1343 1867 modo
1358 1789 1557 1893 AEgyptiis,
1582 1797 1634 1871 A·

644 1885 802 1974 tabibus,
827 1885 940 1980 Syris,
965 1883 1105 1986 aliisque
1130 1888 1365 1967 Orientalibus
1391 1895 1546 1989 populis,
1571 1894 1634 1970 sed
1762 1973 1763 1982 ,

413 1979 517 2059 ltaliae
534 2005 670 2080 quoque
686 1980 799 2056 multis
861 1984 965 2079 pulli,
993 1986 1039 2060 de
1062 2010 1129 2085 qua
1144 1991 1191 2064 ob
1220 1988 1257 2064 id
1275 1989 1392 2087 paucis
1416 1992 1502 2066 milii
1528 2015 1635 2092 agen·

413 2079 497 2154 dum
520 2102 616 2177 puto.
665 2082 816 2156 Arbore
865 2080 1009 2181 simplici
1031 2085 1176 2161 caudice
1193 2086 1230 2163 in
1245 2087 1379 2163 reslum
1397 2087 1433 2163 se
1455 2091 1633 2182 attollens,

413 2177 538 2276 viginti
556 2177 710 2276 passuum
729 2177 927 2276 &amplius
945 2181 1133 2258 altitudine.
1169 2185 1268 2260 Folia
1283 2185 1417 2262 ensibus
1438 2187 1556 2263 limilia
1572 2187 1635 2262 ha·

414 2280 496 2369 bet,
520 2277 682 2360 deoisilm
704 2301 892 2355 cannarum
909 2280 1018 2355 modo
1037 2281 1246 2374 decidentia.
1291 2285 1388 2360 Vere
1425 2285 1537 2364 floret.
1562 2283 1635 2360 Ra-

413 2400 491 2453 mus
510 2377 606 2452 enim
623 2377 774 2476 quodam
790 2378 970 2454 involucro
987 2380 1160 2492 oblongo,
1183 2382 1307 2458 vesica
1342 2383 1474 2475 modo,
1501 2382 1545 2458 ad
1569 2407 1634 2457 ver

282 2519 284 2526 ·
414 2500 522 2575 usque
541 2475 671 2568 clauso,
695 2472 735 2552 dt
751 2495 835 2552 tunc
861 2496 983 2575 aperto
998 2477 1178 2575 praeditus,
1203 2481 1306 2555 flores
1325 2481 1454 2555 emittit
1474 2505 1601 2578 parvos
1623 2537 1634 2574 ,

415 2577 721 2668 albos,odoratos,
735 2576 938 2653 racematim
964 2578 1126 2652 deorsum
1152 2581 1195 2652 ab
1219 2577 1398 2654 involucro
1424 2579 1634 2670 residentes,

416 2697 459 2750 ac
471 2674 678 2771 pendentes.
728 2677 864 2754 Martio
883 2675 1047 2788 siquidem
1069 2677 1187 2750 mense
1205 2677 1381 2754 involucra
1408 2677 1462 2751 illa
1485 2675 1549 2750 suis
1570 2676 1633 2751 alis

415 2771 565 2870 adligata
589 2770 802 2868 aperiuntur,
832 2775 850 2848 ὁ
867 2777 987 2869 quibus
1006 2774 1126 2871 globus
1142 2776 1279 2850 filorum
1298 2775 1475 2849 insitorum
1494 2773 1634 2871 prosilit,

329 2941 333 2946 .
415 2871 586 2968 floresque
605 2869 657 2946 his
680 2868 769 2960 filis,
793 2871 851 2944 vel
870 2870 1116 2967 capillamentis
1134 2873 1274 2969 appensi
1293 2893 1540 2963 cernuntur,a
1560 2871 1634 2969 qui-
1710 2883 1713 2894 '

414 2975 477 3049 bus
495 2968 609 3045 dattili
626 2963 725 3066 parvi
741 2966 885 3060 virides,
899 2985 1043 3044 uvarum
1060 2991 1218 3044 racemos
1235 2971 1411 3044 imitantes
1434 2970 1634 3067 producun-

414 3093 489 3162 tur,
515 3067 573 3169 qui
591 3067 788 3144 Austumuo
804 3087 1026 3144 maturantur.
1051 3067 1149 3142 Varii
1165 3067 1202 3142 hi
1217 3067 1344 3144 frudus
1359 3068 1450 3144 inter
1464 3065 1500 3143 se
1519 3065 1635 3142 obser-

412 3189 538 3246 vantur
555 3167 818 3266 magnitudine,
843 3169 952 3267 figura
976 3165 1016 3242 dt
1041 3165 1169 3242 colore.
1219 3165 1288 3243 Alii
1316 3167 1449 3242 etenim
1474 3163 1633 3264 oblongi,

413 3269 552 3369 magni,
577 3267 692 3356 crassi,
715 3265 859 3363 perinde
876 3290 919 3340 ac
936 3287 1046 3362 pruna
1060 3263 1137 3340 alba
1160 3263 1258 3364 (quit
1284 3265 1374 3360 Julio
1399 3263 1571 3340 mensein
1596 3285 1634 3336 a·

413 3394 476 3472 gro
491 3363 685 3444 bellunensi
700 3361 936 3464 maturantur)
961 3361 1165 3460 spectantur.
1216 3363 1284 3438 Alii
1309 3362 1384 3440 sunt
1411 3363 1534 3462 parvi,
1559 3364 1634 3436 lon-

255 3543 258 3550 .
415 3495 469 3570 gi,
493 3463 670 3568 glandibus
687 3489 874 3562 quercuum
893 3463 1034 3554 similes,
1069 3461 1125 3536 alii
1144 3462 1301 3553 ronuidi,
1334 3465 1441 3540 crassi
1493 3459 1561 3535 Alii
1582 3459 1636 3532 vi·

415 3569 526 3656 rides,
551 3563 606 3638 alii
627 3563 711 3654 albi,
737 3563 791 3638 alii
808 3565 911 3657 flavi,
938 3563 1062 3661 aliique
1080 3562 1192 3653 rubri,
1226 3559 1401 3656 imminui
1434 3583 1557 3673 omnes
1584 3555 1636 3631 sa·

416 3691 503 3770 pore
529 3661 648 3758 aspero
679 3661 896 3763 liypticoque
921 3661 1067 3751 feriunt,
1099 3660 1223 3736 maturi
1243 3661 1523 3758 dulcilllmi3qur
1547 3679 1634 3729 vero

416 3768 526 3880 prope
549 3762 625 3838 sunt
641 3817 657 3878 Δ,
691 3761 915 3876 υῑιρεῐῐεὲὶε
941 3777 1179 3851 munirentur,
1211 3757 1633 3868 gustumCallaneatum,

417 3867 633 3966 dulciorem,
657 3859 917 3960 suavioremque
947 3857 1195 3956 representaut.
1247 3857 1337 3934 Hac
1365 3861 1467 3934 arbor
1496 3855 1635 3930 alternis

419 3985 555 4046 tantum
572 3961 670 4038 aunis
685 3960 892 4061 copiosiores
908 3959 1037 4042 butio
1052 3959 1143 4053 edit,
1167 3981 1280 4060 neque
1307 3955 1424 4060 (quod
1452 3954 1545 4036 dini
1564 3949 1636 4121 sqle

1458 4329 1461 4342 i
1552 4317 1591 4396 122:
