3582 4584
334 283 336 288 Ι
436 342 520 443 ²56
765 262 768 270 ·
820 329 1015 444 .‚Joaerrrrir
1032 329 1254 466 Vestr'affi·

434 553 503 628 que
518 525 734 602 facultatibus
755 525 865 618 idem,
892 527 933 603 δι
959 529 1087 604 viribus
1114 527 1191 626 ipsis
1215 527 1376 609 stillatitio
1397 530 1590 628 proximis,
1611 532 1642 608 li

434 631 499 704 riti
517 625 639 701 artifex
658 625 744 724 ignis
769 649 874 722 opera
893 627 966 700 usus
987 628 1101 702 suerit.
1380 695 1383 700 .

484 729 540 800 An
570 724 757 824 genuinum
782 726 890 816 item,
915 725 1151 824 sincerumque
1171 727 1524 826 litOpobalsamunt,
1550 729 1636 826 quod

433 823 565 900 semina
589 821 715 922 geniali
731 821 831 898 succo
853 823 965 898 adhuc
997 824 1164 923 turgidula
1185 826 1420 924 suppeditant,
1444 826 1639 926 ambiguum

432 923 619 998 reddidere
636 941 792 1013 veteres,
817 923 874 1020 qui
898 920 1072 998 misturam
1085 926 1163 1022 ejus
1185 948 1263 1000 curn
1289 922 1449 998 llillatitio
1466 949 1513 999 ex
1530 949 1643 998 ramu-

433 1019 798 1118 lisreprehenderunt.
846 1022 927 1119 Ego
950 1021 1010 1096 lirn
1036 1021 1140 1096 licem
1159 1045 1219 1098 eos
1234 1047 1426 1122 purumque
1442 1022 1583 1101 seminis
1606 1025 1643 1097 li·

433 1143 577 1219 quorem
594 1117 753 1216 abjecisse
774 1117 917 1194 minime
935 1047 1113 1211 ezilinia,
1138 1124 1227 1218 apud
1244 1146 1328 1218 quos
1345 1121 1573 1196 adulteratum
1586 1121 1643 1196 lra-

433 1223 602 1306 bebatur,
626 1240 697 1290 noa
719 1219 811 1315 quod
833 1217 974 1316 integra
995 1239 1122 1292 natura
1136 1218 1211 1315 est,
1237 1219 1295 1293 sed
1315 1221 1406 1318 quod
1436 1220 1537 1294 alieni
1556 1243 1641 1294 con-

434 1316 538 1392 sortio
554 1315 729 1390 soedatum.
756 1316 928 1414 Equidem
950 1313 1131 1392 substantia
1150 1315 1204 1390 illa
1222 1318 1374 1416 pinguis,
1398 1315 1437 1394 ἃ
1456 1319 1545 1392 acria
1563 1341 1633 1415 quae

432 1417 580 1490 ramulos
596 1414 740 1509 imbuit,
764 1417 890 1489 eadem
913 1411 964 1489 est
983 1439 1063 1489 cum
1080 1413 1190 1490 resina
1204 1442 1305 1514 quam
1331 1415 1569 1514 compleslitur
1586 1415 1604 1489 s
1618 1461 1632 1475 -

432 1537 534 1590 men:
561 1513 651 1588 adeo
675 1528 809 1588 ue'non
830 1514 1097 1610 temperamenti
1115 1512 1240 1608 solum,
1265 1515 1323 1590 sed
1340 1513 1638 1590 etiameffectum

433 1637 517 1710 quos
546 1540 702 1690 recessit
731 1610 974 1704 Dioscorides,
995 1613 1129 1690 tatione
1153 1612 1276 1688 similis.
1326 1609 1484 1688 Primam
1502 1613 1639 1713 quidem

432 1711 709 1809 praecipuamque
730 1712 853 1808 agendi
870 1710 944 1785 vim
962 1712 1122 1809 lacrymae
1139 1712 1277 1808 tribuit3
1302 1711 1497 1808 proximam
1526 1732 1641 1786 tamea

433 1811 565 1884 semini.
615 1812 693 1885 Non
712 1811 789 1906 quia
808 1808 927 1882 caloris
945 1809 1055 1882 minus
1075 1808 1315 1908 spirituumque
1339 1811 1508 1884 seminalis
1526 1808 1641 1885 succus

432 1911 620 2006 poffideat3
645 1907 706 1982 sed
723 1907 802 2004 quia
831 1906 952 1980 terreis
974 1907 1228 1982 involucrorum
1251 1909 1403 2005 partibus
1427 1907 1639 2006 impeditus,

432 2006 590 2080 exserere
612 2005 777 2085 virtutem
795 2027 864 2076 non
882 2004 930 2076 ita
947 2005 1056 2100 possit
1096 2006 1189 2081 Vere
1211 2001 1487 2103 Theophrastus,
1512 2007 1640 2080 semina

431 2105 629 2198 sspiritum,
655 2115 681 2206 ἃ,
708 2113 821 2201 argiro
843 2113 892 2188 rtis
910 2109 1029 2190 φύσιος
1056 2107 1154 2200 hya,
1176 2102 1441 2201 ‚pratstanliffima
1470 2105 1580 2179 refert
1605 2103 1643 2180 ἃ

431 2205 543 2301 prima
566 2224 692 2278 natura
721 2225 860 2298 opera,
885 2201 1032 2300 illiusque
1057 2213 1240 2294 attulere,
1268 2206 1340 2302 jam
1365 2201 1545 2300 perseftae,
1571 2228 1640 2278 uon

432 2304 522 2378 intra
538 2303 731 2378 rudimenta
749 2300 912 2374 nubilium
931 2299 1142 2375 firmorum
1160 2301 1394 2377 balbutientis:
1421 2301 1548 2400 quippe
1568 2328 1640 2400 quar

432 2426 502 2476 non
521 2401 778 2481 caliditantutn
801 2397 932 2491 vitalis,
959 2397 1017 2472 sed
1041 2397 1229 2472 formarum
1261 2397 1404 2494 ipsarum
1432 2401 1641 2498 compendia

431 2501 505 2576 sint.
556 2501 662 2598 igitur
682 2517 719 2570 ιιι
739 2497 858 2570 ramuli
878 2515 1056 2585 recentes,
1081 2500 1127 2570 ita
1150 2495 1241 2571 succi
1264 2499 1365 2593 plena
1382 2496 1517 2572 balsami
1534 2496 1636 2570 semi·

432 2621 507 2687 na,
540 2597 704 2696 siquidem
729 2597 796 2690 Spa
844 2594 921 2668 ricis
952 2595 1120 2670 laboribus
1146 2595 1373 2670 exercitatum
1402 2595 1634 2670 nanciscantur

433 2696 629 2784 artificem,
660 2694 799 2787 Opobal
815 2715 931 2765 amum
957 2693 1116 2784 dabunt,
1148 2713 1219 2766 tam
1247 2691 1338 2766 suavi
1361 2693 1477 2768 odoris
1502 2693 1637 2786 halitu,

431 2817 534 2889 quam
556 2795 678 2870 virium
700 2791 902 2864 excellentia
929 2788 1204 2882 saluberrimum,
1225 2793 1365 2888 jureque
1387 2785 1579 2864 Aristotelis
1598 2790 1639 2864 il·

430 2893 487 2967 lud
502 2891 560 2966 hic
577 2889 768 2978 obtinebit,
795 2893 944 2962 δδητιιεῖι
964 2890 1025 2961 τιν)
1037 2893 1174 2985 τέχιὶω,
1199 2895 1350 2982 stripitu
1368 2895 1524 2980 allevare?
1538 2945 1549 2983 ,
1558 2913 1641 2988 per·
1770 2927 1771 2956 ι

429 2993 538 3067 ficere
554 3011 683 3076 artem,
709 3011 782 3084 qutr
801 3004 920 3058 natura
935 3009 1003 3060 nou
1045 2985 1143 3060 otest

480 3091 635 3182 Quartb,
659 3085 832 3158 laudabilis
855 3011 1046 3157 Dioscoritii
1065 3082 1202 3159 balsami
1220 3081 1337 3158 succus
1358 3083 1434 3180 lprl
1451 3089 1641 3185 πιςιξίζωι,

430 3191 577 3286 quinon
599 3183 786 3266 subacirlus.
837 3184 1092 3282 Quemcunque
1121 3184 1216 3257 enim
1240 3185 1343 3258 talem
1373 3179 1488 3282 gustus
1514 3183 1639 3282 depre-

317 3349 327 3362 .
429 3287 577 3376 henditf,
609 3281 783 3383 propriam
814 3281 1082 3377 temperamenti
1120 3281 1352 3381 symmetriam
1388 3305 1458 3354 non
1490 3281 1637 3358 obtinet.

429 3384 688 3457 Detrimentum
716 3381 784 3454 hoc
813 3401 883 3453 non
911 3404 996 3475 una3
1022 3379 1079 3453 sed
1098 3381 1210 3476 plures
1228 3379 1406 3452 waccerserit
1426 3377 1556 3454 causae:
1582 3379 1639 3453 fit-

475 3506 495 3555 e
517 3504 596 3554 cum
616 3482 781 3577 liquorem
806 3478 921 3573 planta
938 3502 1002 3575 per
1019 3497 1155 3552 aetatem
1167 3477 1239 3574 jam
1250 3473 1378 3550 affe&
1396 3477 1527 3566 tulerit,
1541 3501 1640 3557 ,eun-

477 3603 577 3677 mque
593 3578 745 3674 protinus
760 3578 802 3650 ab
819 3577 1036 3662 initiantur
1053 3575 1207 3670 atrapens
1228 3573 1250 3658 s
1275 3583 1472 3664 alsenam,
1497 3577 1639 3672 languo-
1768 3633 1769 3682 ,

428 3703 466 3753 re
486 3677 653 3754 facultatis
671 3673 826 3749 costricis
846 3676 935 3748 baud
953 3674 1109 3772 perlicit,
1136 3697 1259 3771 aqueas
1279 3671 1481 3772 frigidasque
1500 3693 1637 3767 partes,

415 3801 497 3850 trinu
521 3771 745 3860 discutientis,
770 3771 1062 3858 nonresolventis.
1113 3773 1183 3844 Aut
1205 3771 1383 3868 optimum·
1399 3769 1549 3867 alioquin
1563 3769 1636 3844 suc-

429 3897 529 3962 cum,
553 3873 684 3950 difflata
698 3870 813 3970 pingui
837 3869 876 3956 ἃ
893 3871 982 3942 aeria
999 3865 1198 3966 substantia,
1223 3869 1340 3942 servor
1364 3867 1555 3945 ambientis·
1573 3893 1634 3942 cx-

429 3969 546 4044 hausrt.
586 3971 745 4070 Denique
762 3969 848 4048 vasis
867 3972 910 4048 ab
930 3960 1151 4068 opobalsami
1169 3963 1292 4044 vetusti
1311 3965 1451 4044 lacibus
1466 3990 1535 4042 non
1553 3991 1633 4078 pnr-
1767 4019 1768 4033 i

1525 4083 1638 4164 gausa
