3518 4596
411 319 470 442 ,t
742 299 1031 436 trauntur
1046 302 1295 435 rumpe

442 530 461 618 Ἰ
557 565 560 572 ,
637 507 642 542 ³
677 533 752 586 ..ἰ-ι.
769 527 868 615 pater
889 517 1083 616 ipficolrtdi
1147 523 1151 531 '

521 621 628 698 Haud
632 619 768 716 facilem
781 618 840 712 effl
861 623 954 692 olam
969 621 1097 710 voluit,
1117 615 1297 716 primosque
1303 637 1365 714 per
1378 631 1483 693 artem

437 753 440 762 ·
520 723 635 796 Motu
651 739 762 816 agros,
789 720 873 790 curis
887 739 999 790 acuens
1013 719 1165 790 mortalia
1180 719 1286 790 corda.
1441 799 1445 809 ,

413 817 598 896 tectorum
617 813 762 912 porrbst
782 813 1079 910 comparationem
1094 810 1305 889 instituamur
1317 811 1471 905 ,homini
1488 814 1653 914 quidem

412 914 669 993 communioret
689 936 739 988 eae
757 912 942 1012 fimt‚quas
959 911 1130 988 naturales
1149 911 1200 987 rei
1218 911 1364 989 medica:
1384 912 1544 989 auslores
1553 937 1650 1012 pro·

411 1016 634 1104 nunciarunt,
658 1011 818 1104 nutritio,
833 1010 872 1090 dt
892 1009 1081 1110 generatio.
1115 1013 1207 1088 Cum
1222 1011 1316 1086 enim
1334 1012 1449 1088 inlitus
1475 1015 1650 1112 partibus

412 1115 506 1190 calor
524 1113 721 1202 humidum,
748 1131 911 1210 tanquam
928 1112 1089 1208 pabulum
1103 1109 1219 1202 suum,
1230 1111 1331 1188 tvidd
1350 1135 1371 1185 c
1435 1115 1649 1204 at,neflui-

411 1215 497 1288 dum
516 1212 665 1286 hominis
683 1209 835 1286 casurum
860 1231 903 1284 ue
923 1233 1068 1307 corpur,
1093 1209 1200 1284 veluti
1218 1211 1297 1284 oleo
1313 1209 1395 1286 dese
1432 1211 1648 1288 aflammu-

264 1315 267 1322 ’
411 1311 441 1386 lt
462 1311 532 1386 citb
550 1309 799 1402 marcesceret,
824 1235 989 1384 almento
1007 1305 1263 1383 restaurandum
1281 1331 1372 1399 erat,
1397 1309 1647 1408 quodinven-

411 1409 538 1484 triculo
551 1428 795 1507 preparatum,
820 1408 856 1482 in
869 1409 991 1522 jecore
1007 1407 1146 1480 ulterius
1179 1408 1421 1496 elaboratum,
1458 1407 1493 1481 in
1520 1411 1647 1487 corde

411 1507 631 1606 perfectum,
665 1507 800 1605 reliquis
823 1505 950 1596 demde
977 1507 1141 1580 membris
1161 1529 1224 1602 per
1244 1529 1351 1580 venas
1372 1504 1644 1603 suppeditantur

411 1606 531 1682 omnia
549 1606 694 1700 reficit,
720 1605 758 1682 dt
777 1606 821 1680 ad
838 1607 996 1704 vigorem
1020 1603 1122 1702 usque
1150 1605 1261 1679 etatis
1281 1599 1380 1704 justis
1402 1607 1642 1686 incrementis

413 1703 572 1805 adauget.
609 1705 662 1780 Ut
681 1697 797 1779 sobole
815 1723 983 1802 generata
997 1702 1164 1777 caducam
1185 1699 1325 1800 llirpem
1343 1704 1450 1778 homo
1473 1705 1644 1781 redinte-

411 1823 546 1904 graret,
570 1804 692 1880 semen
705 1804 898 1901 producere
916 1802 1052 1893 debuit,
1077 1801 1178 1876 foetut
1195 1803 1321 1877 novelli
1336 1800 1640 1898 laudamentum,

411 1905 504 2002 quod
521 1923 747 2000 praeparatum
761 1902 851 1976 intra
866 1899 1151 1998 pampiniformet
1171 1903 1328 1975 vasorum
1350 1899 1487 1993 nous,
1512 1901 1549 1976 in
1566 1925 1642 1978 va-

410 2002 528 2078 ricosrs
557 2001 701 2076 flexibus
735 2001 972 2091 elaboratum,
1013 1999 1050 2073 in
1077 1997 1217 2096 capsulis
1243 1999 1392 2098 denique
1413 1999 1641 2098 spermaticit

410 2100 710 2191 consummatum,
736 2099 877 2174 tandem
897 2099 932 2173 in
957 2097 1092 2172 hortulo
1111 2097 1293 2198 conjugit,
1318 2117 1467 2196 atroque
1487 2099 1641 2178 Naturae

411 2198 551 2275 sereret.
580 2200 724 2292 Quantb
745 2196 833 2272 verb
842 2195 1094 2272 manifestiores
1104 2196 1178 2270 sunt
1197 2197 1232 2270 in
1249 2198 1373 2294 plantis
1387 2197 1440 2272 hae
1456 2199 1640 2274 naturales

411 2297 633 2388 tenuiores,
666 2316 747 2410 quas
758 2293 933 2470 porreffls
958 2297 995 2371 iu
1016 2315 1144 2371 terram
1167 2295 1322 2370 altricem
1342 2295 1488 2394 copiosrr
1503 2295 1641 2372 radici·

412 2397 498 2484 bus,
523 2395 755 2472 nutritionrso
798 2394 889 2469 cium
908 2415 980 2470 tam
995 2394 1154 2492 gnaviter
1169 2393 1308 2494 exsequi
1326 2415 1460 2470 certum
1477 2391 1556 2486 est,
1595 2417 1640 2472 ut

411 2496 528 2572 multis
545 2493 625 2570 huic
656 2513 790 2569 tantum
806 2494 941 2568 muneri
958 2517 1101 2590 operam
1117 2515 1245 2568 navare
1265 2495 1518 2590 perhibeantur.
1544 2493 1638 2570 Non

273 2675 275 2680 ,
410 2595 509 2672 idem
523 2615 642 2669 tamen
656 2592 814 2667 omnibus
832 2593 985 2667 alimenti
1001 2592 1141 2682 modus,
1160 2614 1230 2666 non
1245 2593 1371 2668 eadem
1391 2595 1484 2690 aequb
1498 2591 1635 2672 suavia.

411 2693 500 2769 Sunt
527 2693 646 2789 quibus
668 2691 792 2790 largior
815 2692 1018 2765 nutrimenti
1032 2691 1146 2788 portio
1168 2690 1368 2766 sufficienda
1387 2706 1410 2765 :·
1428 2713 1599 2788 cappares
1622 2747 1637 2786 ,

412 2787 453 2866 δι
468 2789 670 2864 verbascum
686 2789 804 2886 paucis
824 2809 997 2866 contenta.
1048 2790 1188 2888 Frigida
1204 2789 1370 2888 plerisque
1386 2789 1636 2888 commodior3

411 2909 577 2986 ocymum
597 2908 714 2962 tamen
736 2885 841 2961 affusa
860 2889 968 2962 calida
983 2890 1092 2980 magis
1111 2889 1258 2985 prolicit.
1280 2933 1289 2950 ·
1309 2889 1446 2964 Omnes
1464 2887 1540 2963 serb
1555 2889 1636 2964 dul-

412 3009 493 3061 cem
511 2983 679 3083 pollulant
696 2986 906 3084 humorem3
943 3011 987 3061 ex
1012 2988 1159 3061 oleribus
1183 2987 1400 3062 nihilominus
1420 3009 1554 3076 eruca,
1593 2985 1634 3062 δι
1755 3001 1756 3031 ¹

412 3087 571 3177 urraca,
595 3085 681 3160 satas
698 3083 894 3183 nitrosrsque
910 3087 1082 3186 juvantur.
1108 3086 1217 3160 Unde
1239 3085 1432 3186 contingit,
1458 3109 1541 3161 cum
1558 3107 1633 3161 non

413 3183 509 3264 idem
525 3184 660 3261 habitur
683 3183 743 3274 srt,
769 3183 942 3282 cultusque
959 3183 1141 3275 locorum,

652 3327 724 3350 ..-
748 3285 832 3380 quud
844 3309 903 3358 non
921 3289 1019 3357 omnis
1029 3283 1103 3380 fert
1118 3288 1221 3356 omnia
1237 3285 1341 3356 tellus.

530 3383 600 3458 Hic
608 3384 751 3479 segetes,
776 3384 843 3456 illic
855 3387 990 3457 veniunt
995 3382 1126 3478 fellerus
1141 3408 1236 3474 uve,

532 3482 672 3556 Arborei
681 3481 783 3576 ferus
802 3485 903 3577 alibi,
927 3498 1024 3580 atque
1040 3481 1156 3576 injuffa
1173 3480 1336 3580 virescunt

431 3623 435 3631 ·
535 3581 696 3652 Gramina
718 3621 768 3644 ι-

412 3675 625 3752 Fecundam
650 3673 738 3750 veri>
757 3678 948 3774 plantarum
979 3677 1077 3769 vim,
1111 3675 1274 3774 quianon
1305 3677 1446 3752 obviam
1477 3675 1632 3776 mditpre
1676 3745 1686 3761 ,.

411 3776 520 3870 ornus
626 3772 702 3850 soit.
746 3777 983 3876 Aliquaenullo
1012 3795 1161 3875 cogente
1187 3774 1307 3872 sponte
1325 3775 1383 3850 sua
1401 3775 1627 3872 proveniunt:
1680 3783 1684 3791 '
1752 3785 1753 3790 ’

409 3873 482 3948 alltc
500 3895 547 3971 po
574 3893 612 3948 to
638 3873 684 3948 de
708 3873 838 3950 semine
857 3871 994 3974 sltrgunt
1013 3906 1024 3969 3
1060 3872 1259 3972 quibusdam
1286 3877 1330 3950 ab
1351 3874 1470 3949 radice
1488 3873 1627 3971 pullulat
1655 3889 1672 3906 ''

410 3971 600 4056 deusrffima
617 3971 724 4075 syba.
759 3975 875 4075 Atque
894 3971 958 4050 hos
976 3972 1234 4072 propagationis
1254 3973 1379 4054 modos
1396 3975 1547 4074 primum
1565 3969 1649 4046 'na-³
1751 3987 1752 4043 l

511 4145 518 4158 .
1533 4093 1538 4128 ³
1571 4087 1626 4146 ffl-
