3456 4590
295 293 301 300 ’
437 355 494 452 76
557 411 562 422 a
638 365 693 430 ,·
772 341 1310 428 nnost’unrnut’ntr
1425 352 1431 360 ·

438 533 664 645 provenire.
698 529 830 642 Hujus
848 535 992 645 plantae
1009 529 1154 619 florem
1173 561 1269 622 cum
1287 532 1493 622 suoeaule
1508 555 1649 626 vocant

440 644 634 728 Arais‘el
650 643 751 742 Nil,
782 645 922 733 folium
942 673 1037 733 cum
1053 646 1195 732 itidem
1225 649 1337 734 caule
1364 647 1449 733 five
1466 647 1652 759 pediculo

441 757 525 840 Bis
541 758 583 839 el
597 755 698 856 Nil,
719 777 839 870 atque
856 760 1034 846 radicem
1054 759 1254 858 Biarum
1281 787 1368 875 quo
1394 764 1564 848 nomine
1580 767 1651 849 eti-

438 896 502 956 am
520 891 684 976 magnus
703 869 943 956 Abimbetar
968 870 1038 957 suo
1057 897 1153 956 aevo
1169 872 1351 959 radicem
1377 871 1430 957 ab
1458 871 1648 986 indigenis

437 998 623 1066 vocatam
646 978 773 1082 fuisse,
794 985 835 1068 in
853 981 986 1070 Libro
1002 983 1056 1068 de
1074 985 1220 1070 Plantis
1237 983 1447 1100 AEgyptiis
1463 985 1645 1099 scriptum

266 1175 267 1178 a
438 1093 613 1206 reliquit,
650 1091 768 1191 Hae,
790 1095 1212 1209 'inquam,occas10ne
1231 1097 1375 1214 (quod
1398 1097 1453 1184 ad
1471 1121 1541 1182 me
1558 1097 1645 1186 Me-

437 1200 551 1292 dicus
566 1205 632 1289 hic
650 1205 832 1305 illustris,
867 1205 910 1291 dt
926 1207 1076 1319 plantas
1092 1207 1193 1294 Loti
1210 1233 1305 1296 cum
1329 1207 1535 1310 floribus,
1569 1207 1643 1294 fru-

436 1309 581 1414 tribus,
610 1315 806 1415 caulibus,
835 1315 938 1405 soliis
954 1341 1074 1434 atque
1090 1319 1288 1407 radicibus
1304 1320 1459 1406 miserit
1481 1380 1495 1420 ,
1528 1319 1572 1406 δι
1585 1345 1669 1402 ac·.

293 1460 297 1466 ¹
435 1449 612 1515 curatam
630 1428 943 1540 descriptionem
959 1435 1082 1517 totius
1098 1430 1212 1536 hujus
1227 1429 1386 1543 stirpe,
1423 1429 1470 1515 'dt
1488 1429 1667 1541 fingula-·

435 1566 525 1626 rum
544 1543 726 1626 omnium
749 1544 922 1653 partium
946 1539 1237 1628 accuratilsrme
1265 1541 1398 1642 inibi,
1428 1566 1526 1626 cum
1541 1541 1640 1637 aliis,

433 1678 536 1762 quos
550 1651 688 1738 secum
705 1651 895 1753 duxerat,
925 1653 1100 1754 Mauris,
1129 1651 1295 1753 saelum,
1310 1653 1414 1740 mihi
1430 1679 1506 1766 per
1519 1651 1639 1739 literas

432 1765 727 1877 fignificaverit)
744 1767 890 1850 iterum
906 1764 971 1851 hic
989 1763 1042 1848 de
1060 1764 1203 1851 eadem
1247 1765 1373 1866 lanta,
1402 1765 1556 1850 summa
1574 1785 1636 1847 vo-

431 1881 583 1988 luptate
601 1877 825 1988 agendum,
851 1903 935 1964 non
952 1877 1159 1965 immento
1174 1791 1354 1975 inllitui,
1382 1895 1428 1964 ut
1445 1873 1561 1986 ipfius
1574 1895 1634 1957 vc·

431 1991 523 2077 ritas
542 1988 775 2074 mortalibus
802 1988 966 2073 tandem
983 2008 1093 2074 certa
1110 1987 1296 2102 claraque
1311 1986 1497 2082 eluceata
1527 2002 1634 2096 atque

432 2107 554 2190 etiarn
569 2126 652 2184 non
671 2101 823 2197 minua,
851 2117 897 2187 ut
912 2096 1073 2186 lludiofi
1089 2101 1148 2188 rei
1163 2097 1372 2185 Botanicae
1390 2093 1543 2184 cessent
1558 2116 1633 2176 ant·

429 2213 531 2324 plius
549 2212 601 2296 de
617 2213 792 2297 Nilotica
808 2211 924 2297 Loto
939 2208 1163 2325 quidquam
1181 2209 1376 2297 dubitare.
1430 2207 1477 2293 ld
1522 2199 1636 2317 roprii

430 2329 518 2412 lraec
535 2324 665 2434 planta
680 2319 828 2410 habere
846 2322 1028 2422 videtur,
1040 2319 1154 2437 quod
1172 2325 1345 2432 pertinet
1361 2321 1417 2406 ad
1434 2322 1477 2432 ip
1507 2335 1633 2402 usma-

429 2432 711 2547 gnitudinem,
746 2453 791 2520 ut
807 2432 1019 2524 Carbonus
1046 2434 1202 2520 oculata
1224 2433 1306 2520 fide
1322 2431 1431 2520 vidtt
1446 2453 1469 2530 ,¹
1494 2427 1632 2540 quippe

426 2547 551 2660 ipsam
568 2547 746 2632 crescere
761 2547 804 2632 in
819 2569 920 2660 aqua
936 2542 1114 2643 lacustri,
1139 2541 1330 2659 usquead
1346 2568 1465 2659 aquae
1482 2533 1630 2650 superfi-

426 2665 562 2754 ciem,
598 2657 704 2742 adeo
723 2679 804 2755 ut,
832 2677 979 2773 quanta
996 2655 1043 2743 sat
1057 2661 1102 2744 in
1126 2656 1267 2744 lacuna
1299 2653 1474 2742 altitudo
1497 2669 1629 2762 aque,

427 2789 534 2854 tanta
550 2767 695 2856 itidem
710 2765 865 2855 istiusce
882 2772 1025 2880 plantae
1049 2767 1128 2855 else
1155 2766 1373 2853 videaturn.
1407 2749 1628 2870 Namquest

426 2907 527 2993 aqua
547 2881 747 2989 (exempli
771 2883 921 2992 gratia)
938 2879 984 2965 fit
1013 2880 1186 2966 hominis
1213 2876 1431 2966 altitudinis
1440 2885 1460 2974 ',
1494 2867 1627 2955 eadem

426 2989 702 3100 magnitudine
720 2991 856 3076 Lotus
866 2989 1011 3077 itidem
1028 2988 1364 3104 deprehendatur.
1394 2981 1519 3072 Unde
1538 3001 1628 3062 con·
1717 3061 1718 3066 a

425 3103 497 3190 stat
517 3103 618 3190 hanc
636 3103 796 3215 ssirpem
813 3103 963 3218 ubique
978 3105 1163 3190 locorum
1178 3100 1374 3214 aequalem
1382 3091 1623 3185 altitudinem

425 3243 508 3304 non
525 3214 691 3316 habere,
719 3214 1016 3410 proprietasque
1034 3211 1113 3311 est,
1141 3216 1245 3300 utin
1268 3196 1623 3324 aquasolummodo

424 3329 562 3423 vivat,
600 3326 650 3410 a'd
678 3327 762 3436 e'jus
809 3327 1052 3414 olutnm'odo
1075 3323 1326 3436 superficiem
1361 3311 1627 3406 adscendens,

425 3439 627 3549 floretque
644 3465 852 3553 nunquam*
866 3443 969 3525 intra
987 3463 1129 3552 aquam
1147 3437 1341 3550 aperiens,
1355 3432 1425 3520 led
1442 3427 1553 3556 supra
1565 3415 1620 3500 su·

423 3549 632 3663 perficiem
649 3576 773 3664 aquae.
831 3551 976 3664 Neque
994 3545 1292 3662 deprehensum
1314 3542 1375 3630 est
1389 3543 1439 3628 ab
1461 3535 1543 3652 rpso
1569 3543 1619 3610 at·

422 3687 502 3775 que
519 3661 567 3744 ab
585 3667 656 3760 iis,
684 3689 788 3775 quos
805 3663 940 3750 secum
957 3660 1114 3760 habuit,
1143 3658 1299 3744 Mauris
1307 3715 1324 3758 „
1349 3675 1394 3744 ut
1410 3651 1488 3742 llos
1503 3645 1544 3730 dt
1559 3661 1625 3722 ca*

420 3797 493 3886 put
508 3775 658 3885 supraa
689 3799 749 3859 uae
771 3771 1019 3887 superficiem
1035 3767 1470 3865 multumascendat,ut
1484 3751 1617 3842 TheO·

421 3885 597 3994 phrallus
615 3885 657 3970 ἃ
709 3887 852 3985 liuius,
881 3887 1007 3970 locuti
1034 3880 1087 3967 de
1112 3883 1282 3967 mirabili
1307 3877 1461 3967 istiusce
1485 3866 1615 3998 pla-{¹1²⁰

421 3997 472 4082 ad
481 3998 602 4084 solem
613 3993 1167 4096 conuersronemffirmatunt.
1195 3990 1314 4090 Atde
1330 3991 1405 4079 hac
1421 3987 1517 4078 Lon
1531 3989 1613 4194 Ppsg·
