3544 4592
425 356 475 440 34
666 333 986 412 suossuttt
1035 333 1284 414 suetus
1332 339 1437 416 Lu.

424 511 554 590 steriles
578 531 623 588 eo
638 510 709 588 tim
729 527 837 606 epoto
859 509 934 586 tum
955 507 1147 683 suppossto,
1176 513 1249 590 tom
1268 513 1391 592 suffito
1413 515 1576 596 feliciori
1594 523 1672 601 suc.

425 611 518 691 cesso
534 612 621 708 [πρὸ
641 609 685 684 ad
704 610 958 686 removendam
1013 610 1196 688 erilitatem
1215 633 1365 689 utuntur„
1422 616 1514 694 Non
1537 623 1672 702 minori

424 715 462 794 in
485 709 543 786 usu
565 707 672 785 etiam
695 709 845 800 habent,
871 709 914 784 ad
928 707 1104 806 pulchram
1120 709 1249 786 faciem
1267 711 1529 810 efficiendam,
1556 746 1670 820 quan.

424 813 472 889 do
495 832 541 886 eo
559 807 630 906 ipse
647 807 730 884 illita
749 807 872 908 brugis
893 807 1117 904 defendatur3
1146 810 1249 884 audio
1264 815 1373 888 etiam
1399 815 1540 916 aliquas
1558 843 1608 896 eo
1621 825 1671 900 ad

422 908 696 990 conservandam
716 907 820 984 faciti
842 907 1130 1004 pulchritudinem
1146 931 1189 982 ec
1206 912 1436 1008 juventutem
1456 939 1536 992 non
1556 919 1667 996 issuti-

421 1010 500 1088 liter
519 1006 591 1084 usas
612 1004 721 1084 fuisse.
772 1006 1016 1084 GUILAND.
1067 1008 1138 1086 Sed
1158 1011 1334 1106 quomodo
1350 1011 1408 1088 bae
1429 1014 1492 1090 illo
1511 1017 1560 1092 ad
1576 1042 1666 1095 con-

423 1108 629 1184 servandam
653 1108 879 1206 juventutem
898 1119 1061 1182 utuntur?
1085 1105 1144 1182 hic
1166 1109 1260 1182 enim
1288 1108 1365 1186 usus
1383 1137 1611 1216 quamquam
1627 1117 1665 1196 in

419 1231 484 1284 ore
505 1207 690 1284 multortuu
711 1205 771 1298 fit,
795 1203 1015 1281 nihilominus
1031 1207 1051 1282 l
1069 1207 1160 1280 nullo
1178 1203 1216 1282 id
1235 1206 1370 1286 discere
1395 1213 1518 1308 potui.
1570 1215 1663 1290 AL·

420 1305 514 1384 PIN.
550 1305 605 1382 Ut
620 1304 781 1382 mulieres
803 1302 910 1380 faciei
924 1323 1061 1396 cutem,
1087 1304 1169 1380 dum
1180 1305 1328 1406 juvenes
1347 1308 1450 1402 sunt,
1477 1319 1660 1410 perpetuo

421 1405 628 1482 conservate
647 1404 789 1499 posint,
814 1401 1023 1500 opobalsuui
1041 1399 1191 1480 usumin
1217 1403 1310 1481 hunc
1331 1409 1489 1486 modum
1506 1411 1659 1510 sequun-

421 1523 488 1582 tut.
538 1501 762 1580 Bulsatuauds
778 1501 875 1580 enim
887 1500 1009 1578 mulier
1034 1511 1094 1600 (ut
1110 1502 1158 1578 stc
1176 1503 1321 1602 loquar)
1345 1504 1384 1582 in
1404 1510 1581 1586 balneum
1596 1533 1655 1585 ce·

270 1621 273 1626 ’
420 1603 527 1682 lidum
549 1603 585 1678 in
601 1601 720 1700 primis
738 1620 891 1678 moratus
910 1623 1086 1700 quousque
1103 1602 1248 1678 multum
1260 1602 1550 1706 incaluerit‚quo
1563 1629 1657 1684 tem·

419 1726 508 1799 pose
524 1721 642 1778 cutem
659 1699 880 1812 opobalsamo
896 1698 1072 1812 usultoties
1092 1700 1230 1822 copiose
1247 1701 1364 1814 illinit,
1392 1708 1415 1780 ὲ
1435 1729 1509 1804 qus
1525 1705 1655 1782 linitio-

419 1797 1654 2012 tubzbbffilsbl‘lllltsllsslstss
1699 2005 1702 2010 ¹

419 2000 621 2098 egreditur,
652 1995 814 2094 solitaque
838 2019 956 2072 munus
983 2013 1148 2090 exercet,
1180 2018 1435 2112 pesunnetque
1460 2002 1535 2092 sse,
1558 2001 1650 2076 faeie

418 2119 521 2209 atque
537 2095 682 2195 pestere
698 2093 921 2192 opobalsamo
935 2092 1075 2171 innubis
1091 2117 1154 2190 per
1176 2115 1246 2174 tres
1270 2097 1315 2172 od
1342 2121 1461 2174 nunus
1489 2101 1586 2190 dies,
1610 2100 1647 2174 iu

418 2200 538 2296 qusbut
559 2215 733 2296 nunquam
753 2191 957 2289 pertusum
975 2191 1084 2268 cutim
1098 2193 1221 2286 abluit,
1244 2195 1303 2272 vel
1320 2197 1489 2276 msmdat:
1515 2221 1559 2274 ee
1572 2218 1645 2272 tet·

418 2295 469 2370 tis
493 2294 551 2371 elie
578 2297 623 2371 sb
640 2291 858 2384 intmsbooe,
883 2289 1013 2370 rursum
1036 2291 1074 2370 in
1101 2292 1264 2370 balneum
1288 2295 1417 2372 eodem
1442 2299 1523 2395 jam
1549 2295 1644 2372 disbo

416 2395 524 2470 modo
547 2393 583 2470 se
608 2391 765 2484 cousest,
787 2391 985 2490 faciemque
1010 2413 1051 2468 ee
1073 2389 1195 2488 peibus
1216 2392 1317 2469 valde
1344 2392 1559 2472 calesasbum
1582 2417 1643 2470 co·

416 2493 514 2594 piufo
529 2491 750 2591 opshsl‘mm
763 2490 938 2568 multoties
953 2489 1131 2590 perungit:
1158 2490 1274 2589 alique
1290 2491 1383 2584 sunt,
1408 2519 1486 2592 quse
1501 2496 1562 2570 vel
1578 2493 1640 2568 de·

416 2593 490 2669 eies
506 2617 575 2674 una
594 2593 653 2668 die
675 2613 794 2670 eutem
808 2589 1000 2689 inungunt,
1023 2589 1246 2666 observantes
1275 2593 1505 2668 eosnmodum
1533 2593 1641 2667 iuter·

408 2693 567 2786 ,vallum
591 2711 659 2786 quo
686 2691 784 2766 resie
807 2688 895 2766 cutis
917 2687 1084 2784 perusta
1108 2706 1224 2766 totum
1250 2689 1512 2787 opobalsamum
1536 2688 1639 2765 imbi-

415 2794 498 2880 bat,
531 2805 635 2885 atque
663 2789 837 2883 paululum
862 2807 1017 2876 asescat,
1040 2805 1079 2862 ut
1102 2787 1293 2884 promptius
1315 2787 1457 2864 suectun
1480 2787 1639 2864 intimius

356 2957 359 2964 .
415 2886 552 2963 haurire
573 2904 687 2983 queat
738 2885 858 2976 Quam
880 2882 1090 2980 opobalsami
1104 2883 1303 2962 unsiionem
1324 2887 1394 2962 boc
1416 2887 1528 2963 moslo
1549 2909 1636 2984 proe·

415 2985 532 3064 stittm
547 2983 722 3060 multoties
738 2980 946 3078 moliuntus3
968 2979 1089 3084 saltem
1107 2983 1228 3061 diebus
1247 2985 1397 3085 triginta,
1446 2987 1490 3062 ln
1511 2983 1636 3084 quibus

417 3105 536 3164 eutem
557 3107 733 3184 nunquam
746 3083 886 3171 lavans,
910 3080 968 3156 vel
984 3079 1173 3178 mtmdant3
1200 3084 1357 3180 bquibus
1377 3083 1578 3182 quindecim
1594 3077 1634 3155 <lt

416 3185 524 3273 etiam
545 3183 708 3280 amplisu,
732 3179 877 3256 licente
892 3177 1113 3277 opobalsamo
1128 3180 1269 3257 innubis
1285 3182 1484 3280 quiescunt,
1507 3200 1633 3281 quotis·

416 3308 483 3384 que
502 3282 586 3356 niltil
607 3279 743 3379 liquoris
761 3274 944 3370 ostendat,
968 3281 1149 3391 pmbeque
1166 3282 1267 3356 abeo
1283 3281 1411 3356 ficem
1425 3279 1630 3390 fuerit3quo

1531 3533 1545 3570 ‚
1611 3514 1628 3536 .

415 3599 559 3678 temque
572 3579 686 3654 mult'u
705 3580 825 3654 diebus
850 3575 1066 3678 abstergunt3
1092 3595 1195 3675 etque
1220 3577 1295 3653 haec
1318 3577 1366 3654 de
1392 3576 1525 3656 viribus
1542 3595 1626 3672 opo·

416 3677 559 3755 balsami
575 3679 640 3756 lint
659 3677 764 3756 elisia.
787 3677 966 3754 seminum
986 3698 1088 3788 atque
1098 3674 1271 3774 virgenus
1288 3699 1423 3776 quoque
1436 3675 1625 3770 repentium

333 3779 337 3786 ’
412 3779 488 3856 usus
502 3779 593 3876 apud
605 3779 679 3868 illos
694 3775 746 3852 est
762 3776 947 3852 familiaris.
996 3775 1059 3852 Es
1077 3775 1244 3874 ssquidem
1263 3774 1441 3852 adomnia
1459 3775 1552 3864 feri,
1574 3767 1618 3844 sd

409 3903 483 3978 que
510 3875 750 3977 opobussnm,
777 3895 932 3972 utuntur3
963 3873 1218 3972 praesertimque
1243 3876 1289 3950 ad
1314 3878 1418 3954 robur
1441 3868 1618 3958 lbomselso

412 3979 693 4079 conciliandum
719 3981 791 4080 ejus
809 3975 904 4058 euim
922 3974 1107 4076 pulverem
1119 3997 1202 4060 cusu
1224 3973 1372 4059 docebo
1389 3971 1490 4070 spice
1506 3965 1619 4138 wilci
