3582 4584
439 381 526 470 300
863 350 1047 470 Jounur'r
1069 348 1267 469 Vejliuga‘i

430 550 605 632 bumentia
621 548 712 630 baud
734 551 967 652 consrgnatum
991 548 1041 627 fit.
1092 549 1327 627 Meminerant
1347 547 1460 640 enim,
1486 546 1525 624 dt
1541 545 1640 646 spem

430 671 468 728 te
488 669 615 730 natura·
639 650 776 752 eliquati
799 649 963 750 liquoris,
998 646 1037 724 dr
1058 648 1200 724 innoxio
1221 648 1358 724 corticis
1383 651 1528 724 uulnere
1552 647 1637 724 elici·

430 771 937 928 m
992 843 1408 944 ,a
1460 745 1635 922 εεε

431 949 515 1024 dem
530 941 709 1020 artificiosa
734 944 933 1036 molitione,
949 902 1089 1019 ’dudum
1106 944 1196 1018 inter
1216 945 1350 1018 Arabes
1367 942 1550 1039 scriptores
1566 943 1644 1018 Me·

430 1044 487 1120 sue
512 1041 673 1142 prodidit.
701 1043 816 1141 Atque
832 1063 1005 1142 uacunque
1022 1042 1096 1115 hec
1114 1065 1184 1116 non
1204 1042 1277 1118 sint.
1303 1041 1394 1134 Quis
1405 1065 1554 1138 unquam
1564 1065 1645 1138 pro-

430 1143 560 1231 hibuit,
587 1137 715 1215 veteris
732 1139 894 1218 dourinae
913 1139 1071 1230 censum,
1097 1141 1288 1216 accellrone
1309 1140 1437 1214 utilium
1449 1139 1645 1215 observati·

431 1263 537 1316 onum
553 1260 705 1336 augere,
739 1240 964 1338 quantumvis,
978 1237 1218 1336 diversorum,
1252 1261 1331 1312 cum
1352 1260 1423 1312 non
1449 1259 1550 1311 unum
1573 1261 1643 1312 no·

431 1339 484 1416 bis
505 1335 651 1410 limitem
670 1335 731 1434 ipsr
753 1336 1023 1436 delignaverint,
1046 1358 1229 1434 perquem
1251 1359 1381 1410 carnus.
1414 1335 1495 1410 Non
1510 1334 1640 1410 domini

431 1432 559 1527 nostri,
584 1433 646 1510 sed
666 1434 949 1526 duceeluerunt,
973 1436 1129 1531 adeoque
1152 1457 1222 1508 non
1240 1431 1487 1532 praeripuerunt
1502 1429 1640 1529 posteris

429 1557 504 1704 pure
524 1530 674 1607 inventis
688 1533 898 1632 adjicerent,
923 1533 981 1608 sed
1002 1551 1218 1629 aperuerunt
1268 1533 1391 1606 Taceo
1413 1553 1489 1628 qua
1507 1532 1643 1605 deloco

446 1630 582 1730 objicis,
606 1631 771 1728 quoniam
789 1629 1060 1730 Opobalsamum
1077 1653 1123 1704 ex
1147 1629 1297 1720 Arabia,
1321 1627 1360 1702 da
1377 1628 1511 1704 Cabiro
1528 1651 1644 1703 accer-

430 1729 573 1806 sendum
592 1727 679 1804 serid
699 1730 884 1805 contendo.
935 1729 1016 1804 Non
1031 1727 1125 1802 enim
1144 1728 1232 1802 aliud
1251 1726 1332 1800 huic
1345 1724 1447 1800 succo
1466 1729 1581 1801 natale
1594 1727 1643 1800 so·

430 1829 521 1920 lum,
545 1849 614 1902 nec
636 1850 719 1918 me,
745 1847 847 1938 teque
863 1826 967 1924 fugit,
990 1825 1204 1906 variantibus
1217 1824 1465 1922 proclimaaum
1481 1824 1641 1902 interval·

434 1927 485 2017 lo,
509 1949 623 2000 rerum
640 1925 887 2022 generabilium
907 1923 1032 2015 cauus,
1088 1951 1091 1960 ⁴

615 2067 713 2088 -·-·
737 2047 816 2120 quas
830 2027 929 2122 leges,
954 2039 1135 2120 eternaeque
1143 2021 1270 2118 federa
1281 2025 1374 2096 certis

303 2129 305 2136 ’
384 2147 387 2152 ’
535 2119 689 2196 Intulerit
706 2137 826 2195 aratura
842 2125 940 2215 luris,
963 2163 1060 2188 --

430 2216 514 2292 Illud
532 2239 595 2291 nos
612 2219 762 2294 maxime
778 2219 932 2295 omnium
947 2218 1093 2311 collidit,
1116 2217 1207 2319 quod
1235 2241 1280 2294 er
1298 2215 1527 2317 Epistularum
1548 2241 1641 2296 mea·

430 2337 506 2390 rum
527 2315 632 2404 altera
649 2317 692 2390 ad
716 2317 768 2394 Cl.
789 2317 935 2392 Baldum
957 2372 968 2407 ,
1003 2319 1149 2415 probare
1163 2316 1324 2406 conaris,
1355 2317 1555 2392 damnatam
1570 2322 1592 2394 lt
1607 2337 1642 2392 te

430 2411 570 2488 balsami
588 2413 735 2496 resinam
754 2469 766 2504 ,
796 2439 841 2491 ex
856 2415 977 2491 infimo
1007 2413 1076 2490 elle
1095 2437 1225 2514 genere
1247 2417 1341 2490 ame
1364 2413 1643 2515 delignatorom:

434 2511 614 2585 adulterari
633 2510 798 2608 perndie,
809 2513 958 2612 denique
967 2513 1180 2588 artificialem
1196 2533 1267 2588 non
1282 2515 1470 2588 naturalem
1477 2511 1545 2586 elle
1557 2533 1643 2586 con-

433 2607 552 2683 cludis.
597 2611 671 2685 Scri
697 2609 808 2686 seram
830 2631 948 2687 autem
978 2634 1051 2710 qua
1083 2611 1273 2708 lequuntur.
1324 2613 1441 2688 llaluu'
1469 2613 1642 2706 taudem

432 2708 610 2800 Clarlfflrrro
674 2715 842 2804 amaſset,
884 2735 975 2808 quera
996 2713 1163 2806 praularia
1178 2709 1347 2804 spondebas
1372 2713 1474 2786 literis
1510 2707 1645 2800 belsam

428 2805 594 2900 liquorem,
602 2811 788 2905 cognovique
785 2811 988 2906 fierualutque
994 2810 1116 2882 adrem
1130 2807 1222 2898 baufi
1230 2857 1243 2899 ,
1253 2809 1345 2882 illum
1360 2809 1644 2906 ipsuereffe,queru

430 2906 465 2975 in
481 2907 552 2997 Aeg
551 2919 626 2998 ypto
642 2907 772 2981 Venetis
787 2907 918 3002 rolris,
929 2908 1055 2981 reduces
1071 2931 1111 2979 eu
1127 2905 1258 2980 Aralla
1265 2922 1575 2981 mocutmsoeeure
1587 2931 1642 2979 ere·
1776 2923 1777 2926 ’

430 3001 549 3074 dibeat.
601 3003 672 3077 Hoc
688 3008 846 3101 precipul
871 3003 1030 3099 τιιμηόῳ
1049 3006 1226 3099 puritatem
1248 3005 1315 3100 rjus
1344 3006 1541 3100 afferentes,
1566 3005 1646 3102 quud
1776 3013 1777 3036 ¹

430 3121 522 3192 eque
539 3098 643 3173 indita
676 3103 785 3175 uttula
805 3153 819 3195 ,
837 3105 984 3198 proriam
1006 3106 1042 3176 ia
1053 3104 1233 3197 pelliculam
1240 3101 1310 3200 sese
1323 3105 1485 3198 explicet,
1508 3107 1641 3178 iterum·

430 3219 489 3292 que
502 3196 582 3290 styli
597 3125 718 3294 cuspide
740 3215 918 3292 commotu,
950 3202 1052 3296 colligi
1070 3216 1141 3275 tata
1155 3212 1277 3298 queat,
1310 3202 1347 3274 ol
1363 3201 1535 3294 renuifflmi
1549 3201 1640 3296 spiri·

430 3306 484 3363 tus
500 3293 671 3388 deliquium
685 3299 859 3396 pallidior:
881 3302 1018 3395 reliquus
1033 3300 1146 3372 indolis
1160 3313 1273 3392 rotas,
1298 3313 1394 3372 etate
1403 3302 1477 3394 plus
1502 3295 1640 3396 minusue

425 3398 597 3500 prowttu,
615 3394 751 3486 facilius
772 3396 942 3493 olscurasi.
994 3399 1126 3503 Quibus
1142 3398 1176 3470 ed
1189 3396 1334 3472 libentius
1338 3393 1555 3493 suffragatum
1569 3399 1640 3490 lui,

430 3509 610 3601 quotmarar
616 3489 736 3584 succo,
761 3519 832 3568 cure
846 3500 976 3569 recentis
992 3491 1225 3589 rurpubulfirrrri
1231 3494 1374 3591 stupore,
1407 3494 1450 3576 Θ
1467 3496 1560 3569 odore
1576 3517 1641 3592 cog·

432 3601 520 3659 narro
533 3583 628 3679 surt,
653 3593 688 3660 lu
702 3613 790 3686 qua,
813 3608 851 3666 ut
870 3615 941 3666 curre
958 3595 1149 3668 Hermetiris
1165 3593 1304 3688 loquar,
1329 3590 1363 3667 el
1378 3591 1515 3688 inaurea
1533 3599 1641 3686 baur,

430 3689 579 3756 iuratum
598 3679 767 3779 sulphur,
792 3689 940 3784 [rastrum
961 3693 1063 3786 fidem
1096 3691 1273 3766 euidentius
1295 3705 1459 3788 prouocat.
1509 3688 1642 3790 Igitur,
1774 3687 1775 3710 ³

409 3821 413 3828 ·
431 3786 579 3876 quamuis
594 3779 792 3881 transeruffus
808 3789 890 3858 mibi
907 3790 1042 3882 balfirerr'
1057 3792 1180 3888 liquor,
1199 3790 1639 3886 spuetuaeaecorrrretirru'sle·

282 3957 286 3963 .
406 3881 751 3975 muneremunere
768 3909 828 3960 eurr
849 3886 993 3978 efferat,
1019 3912 1194 3988 quecunque
1210 3905 1321 3962 tumere
1336 3889 1478 3978 artificio
1494 3895 1542 3980 fir
1554 3889 1640 3962 ,rma

405 4029 411 4038 ·
433 3987 508 4066 mr
531 3978 705 4078 legitimare
724 3984 862 4083 lalsarm'
873 3987 1295 4090 autquirtegrrr'rr'surcuru,
1315 3987 1451 4090 adaque
1468 3981 1644 4160 winzara
