3544 4592
274 347 1190 442 ‘n-nrnsurrsnornrr.
1285 293 1344 455 φ’

111 547 238 616 luerem
261 535 432 629 sedauo,
465 531 769 634 post·ablutionem
793 555 840 610 ex
866 531 1018 610 &coeto
1048 530 1202 635 ejusdem
1230 530 1344 647 succi,

27 639 177 788 lc*
194 637 382 814 urs
406 635 464 811 u}
478 631 950 810 {lusisset-uum
965 630 1344 828 ’suffitulensi
1566 761 1577 794 .

26 836 28 937 l
116 761 214 914 ffi
224 763 413 938 drigmar’n
432 833 560 946 srngulo
575 853 679 909 mene
700 832 813 931 aliquo
836 789 1021 931 liquoredi
1049 833 1199 924 olutam,
1220 851 1346 930 poton·
1499 839 1504 846 '

25 998 26 1026 l
118 937 197 1010 dam
213 935 400 1026 offerunt,
422 955 595 1032 mnusque
616 932 661 1009 ad
680 953 864 1031 quamcum
887 956 932 1006 ue
956 929 1126 1031 sanguinis
1151 931 1344 1008 fluxionem

25 1035 26 1057 ¹
127 1033 330 1112 firmandam
353 1034 488 1132 semper
514 1033 609 1106 vires
623 1027 776 1108 habuiss'e
794 956 964 1128 apricos
978 1031 1165 1132 cognitum
1181 1027 1243 1107 est.
1295 1027 1346 1108 E·

131 1133 362 1232 gosaepiffime
379 1132 448 1229 hoe
466 1131 537 1206 solo
553 1129 678 1204 auxilio
696 1131 824 1216 'multas
841 1130 1002 1204 mulieres
1020 1133 1064 1207 ab
1088 1129 1282 1208 immodico
1306 1153 1347 1204 u·

129 1231 184 1304 teri
198 1233 380 1328 profluvio
398 1233 490 1328 pene
505 1249 658 1305 mortuns
674 1227 857 1322 revixille,
882 1249 985 1328 atque
1004 1228 1136 1305 sanatas
1154 1226 1252 1304 foiffe
1270 1252 1347 1304 cer·

128 1346 160 1403 oo
176 1329 254 1408 scio.
309 1333 353 1407 ln
370 1331 411 1405 iis
429 1329 589 1428 quidem,
615 1353 688 1427 quae
714 1327 775 1402 has
794 1328 1001 1402 immodicas
1026 1328 1202 1426 patiuntur
1218 1351 1346 1404 vacua·

130 1426 250 1520 tiones,
277 1427 482 1528 clysteribus
490 1450 536 1510 ex
553 1427 678 1502 acaciae
696 1425 857 1502 foliorum
878 1427 1069 1526 florumque
1078 1425 1229 1516 decoclo
1245 1449 1347 1524 para.

23 1551 25 1626 j
129 1527 189 1618 tis,
211 1529 248 1602 in
271 1546 414 1602 uterum
438 1524 570 1625 injettis
593 1545 752 1613 utuntur,
777 1545 879 1622 atque
903 1526 1011 1601 etiam
1034 1525 1138 1602 succo
1160 1525 1346 1624 pulverisa-

129 1641 180 1715 to,
210 1625 382 1724 praediolo
404 1650 484 1699 curn
510 1621 658 1698 decridlo
679 1619 853 1714 dissoluto,
879 1643 914 1696 at
938 1649 981 1699 oe
995 1622 1186 1700 'immillo'
1217 1627 1258 1701 ln
1277 1624 1347 1703 alvi

129 1721 333 1802 fluxionibus
355 1725 485 1800 eodem
505 1722 613 1798 modo
636 1743 714 1798 tum
729 1719 889 1822 clysteres
915 1651 1159 1821 irequentant,
1181 1744 1257 1799 tum
1282 1747 1347 1822 per

23 1881 24 1895 ,
129 1843 163 1895 os
183 1821 328 1898 succum
360 1821 509 1898 feliciter
538 1817 715 1896 exhibent.
768 1820 825 1895 Ad
857 1845 987 1915 anum,
1025 1843 1228 1920 uterumque
1252 1819 1346 1898 foras

133 1921 369 2014 procidentem
396 1921 499 1996 succo
527 1916 683 1996 dilloluto
707 1943 788 1994 cum
814 1918 993 2013 foliorum,
1024 1921 1216 2018 florumque
1239 1919 1346 1995 deco-

24 2053 25 2087 t
134 2015 297 2110 dominil
309 2015 658 2116 habentpraestantius
669 2042 711 2091 ac
719 2017 930 2116 frequentius
941 2039 1008 2118 quo
1019 2037 1171 2093 utantur.
1196 2019 1253 2094 Ad
1263 2044 1345 2112 eos,

24 2148 25 2190 t
133 2117 182 2212 qui
190 2141 233 2192 ex
242 2142 460 2220 quacumque
471 2117 572 2190 causa
584 2117 746 2190 articulos
767 2117 897 2192 debiles
912 2119 1346 2210 habent,fomentum‚ex

24 2233 26 2280 l
132 2211 245 2290 iisdem
258 2217 421 2292 omnibus
436 2235 593 2313 paratum
607 2239 671 2312 pro
686 2213 921 2312 presentaneo
937 2217 1061 2291 auxilio
1081 2216 1346 2316 habentsneque

23 2363 24 2377 r
133 2311 413 2412 immerito3cum
431 2313 1270 2416 acaciapraevalidiffimandstringendivi-praedita
1294 2311 1346 2392 srt‘.

134 2409 261 2488 Omnes
280 2417 354 2514 ejus
361 2412 519 2488 fomento
526 2431 665 2488 utuntur
681 2413 726 2488 ad
742 2413 981 2489 defendendos
997 2409 1155 2490 articulos
1165 2416 1209 2490 ab
1223 2413 1347 2488 humo-

134 2511 367 2587 rumdecursu.
380 2532 481 2611 atque
493 2534 564 2588 non
574 2509 684 2585 minus
694 2513 730 2586 in
739 2512 861 2588 iisdem
871 2513 1201 2610 tumefadlis3atque
1209 2512 1345 2588 influm-

134 2611 249 2703 matis,
286 2609 453 2686 raesertim·
460 2609 685 2708 inprincipio
703 2611 787 2684 dum
799 2611 961 2684 humores
978 2611 1091 2685 adhuc
1101 2609 1136 2685 in
1160 2609 1257 2685 cursu
1271 2609 1347 2686 exi·

136 2701 227 2784 stunt.
296 2709 420 2808 'neque
445 2707 520 2782 usus
546 2709 590 2782 ad
603 2709 809 2808 podagricos
831 2709 966 2784 dolores
983 2710 1269 2808 frequentiffimus
1284 2707 1347 2804 ell,

24 2900 25 2904 Ἴ
135 2808 383 2906 maximamque
408 2807 482 2881 vim
504 2806 611 2881 habet
628 2807 816 2900 acacia,·ut
833 2811 853 2884 lt
871 2808 1065 2909 podagricis
1075 2810 1260 2885 incursibus
1283 2809 1347 2884 ho-

137 2902 238 3013 roines
262 2903 456 3002 praeservet.
505 2905 586 2980 Non
609 2905 749 3000 desunt,
774 2909 831 3006 qui
844 2909 895 2982 nd
911 2933 955 2984 ea
970 2911 1149 2984 malanon
1165 2908 1272 2983 modo
1291 2907 1346 2982 fo-

23 3015 24 3047 *
137 3005 176 3074 'ns
190 3003 357 3096 fomenti,
381 3005 439 3080 vel
466 3004 582 3080 balnei
601 3003 714 3078 'modo
739 3006 1051 3098 acaciautuntur,
1085 3029 1208 3081 verum
1237 3007 1344 3082 etiarn

23 3107 25 3184 l
137 3095 429 3178 succi-modicum
453 3127 515 3199 per
540 3127 580 3176 os
600 3102 732 3179 sumere
751 3126 831 3179 ante
853 3103 1012 3181 fluxionis
1038 3125 1109 3180 tem
1136 3129 1174 3178 us
1205 3130 1270 3202 per
1287 3106 1346 3179 nli·
1403 3107 1407 3116 '

138 3221 213 3294 quot
236 3203 312 3278 dies
326 3201 579 3295 consuescunt,
604 3221 642 3275 ut
669 3201 747 3300 ipsse
766 3204 995 3280 internae‘viae
1020 3129 1228 3304 anguiiiores
1246 3201 1347 3278 faeta

137 3297 239 3406 roinrls
266 3299 373 3374 cursui
389 3295 571 3374 humorum
584 3319 736 3398 pateant.
786 3301 920 3400 Aliqui,
945 3303 1052 3384 etiam
1071 3325 1117 3378 ex
1135 3301 1238 3377 fucco
1263 3325 1345 3398 acu-¹

141 3413 214 3488 uae,
239 3421 342 3498 atque
364 3419 474 3472 noeto
499 3398 715 3473 linimentum
748 3421 893 3496 parant,
913 3402 963 3476 ud
989 3402 1159 3478 liniendos
1179 3399 1346 3480 'articulos

140 3491 343 3587 debilitatos,
368 3521 435 3595 quo
452 3497 529 3574 saud
549 3497 695 3572 mirifice
718 3515 778 3578 eos
795 3501 977 3591 roborant,
1001 3495 1045 3578 ac
1068 3501 1219 3577 firmant.
1253 3499 1345 3576 Mul-

140 3607 187 3667 tos
202 3597 283 3674 novi
300 3617 462 3671 recenter
474 3599 495 3672 “a
508 3596 662 3694 podagra
677 3595 849 3689 ten'tatos,
875 3599 933 3674 usu
949 3601 1075 3677 affiduo
1102 3601 1226 3678 acaciae
1271 3601 1348 3680 lant

24 3678 25 3756 Ῡ
142 3693 359 3792 convaltriffe3
385 3696 440 3796 qui
456 3696 502 3770 fin
528 3697 589 3770 ulis
606 3695 727 3770 diebus
741 3721 804 3794 per
821 3696 941 3772 horam
966 3698 1159 3790 adminus,
1180 3723 1228 3796 pe
1256 3723 1293 3774 es
1307 3699 1345 3775 in

143 3788 317 3868 deeodlum
334 3794 457 3869 acaciae
468 3723 846 3894 caidumdetinebtrnm
858 3822 970 3896 eoque
983 3796 1274 3898 fomentabantur,
1282 3821 1345 3894 pe.

143 3887 260 3991 desque
279 3889 443 3966 abstersos
460 3892 640 3968 linimento
650 3915 696 3966 ex
713 3891 816 3974 succo
841 3898 966 3971 acaciae
993 3893 1235 3993 opobalsamo,
1260 3917 1344 3969 ace.

25 4087 26 4091 Ν
142 4000 237 4088 toque
272 4010 393 4088 persto
413 3991 523 4069 etiam
543 3991 767 4092 inungebant.
817 3995 875 4168 {d
890 3995 1148 4096 pudendorum,
1186 3993 1343 4070 alarum.

824 4159 827 4166 ,
1268 4113 1340 4188 que
