3566 4596
492 375 748 488 Optbalspnti
764 375 977 538 lt'findiciae.
1098 495 1101 502 ¹
1254 387 1335 482 2'37

120 566 1335 674 pollirntpretiotPersrs,&Meceam'mnotanniscommeantibusmes·

120 674 301 750 catoribus
318 665 518 745 divenduut.
526 669 708 746 Concurrit
716 669 752 743 in
762 671 954 774 AEgyptum
964 671 1092 746 &variis
1098 672 1235 768 imperii
1243 677 1335 750 Tur.

120 774 197 848 eici
211 767 423 867 regionibus,
452 769 571 866 ingens
580 768 757 844 hominum
765 771 965 858 multitudo,
982 791 1018 843 ut
1028 794 1073 844 err
1083 772 1194 845 veteri
1204 771 1336 846 institu·
1427 785 1432 794 ²

118 868 370 959 no,solennem
380 865 674 942 versus-Meccam
683 867 994 962 peregrinationem
1004 869 1166 958 celebret,
1176 869 1334 967 adebque
1384 931 1386 936 .
1500 883 1502 886 ’

119 963 314 1042 ΜΞ)
343 968 480 1064 0-21
513 973 790 1070 deportationem
805 970 917 1047 vestis.
944 975 1002 1048 Sic
1019 977 1112 1050 enim
1128 980 1272 1073 apellant
1289 999 1334 1051 ex

119 1081 239 1156 serico
253 1077 372 1169 viridi,
397 1102 549 1177 auroque
559 1079 688 1177 pictum
705 1080 854 1178 undique
872 1081 1006 1168 velum,
1032 1084 1120 1179 quod
1132 1105 1255 1177 praeter
1269 1085 1335 1156 alia

122 1179 174 1254 ad
200 1175 360 1253 Seriffum
380 1201 524 1252 munera
543 1179 712 1277 Byzantio
729 1179 836 1254 mittit
855 1180 1063 1275 Imperator,
1076 1183 1113 1252 u't
1125 1182 1336 1276 lllabomeris

121 1278 162 1352 in
181 1273 325 1349 Medina
341 1274 460 1372 sepulti
484 1297 748 1352 monumentum
774 1278 937 1376 cingatur.
988 1277 1055 1352 lnit
1085 1279 1337 1373 profeclionem

121 1376 331 1464 Caravana,
353 1373 424 1447 five
442 1395 548 1449 coetus
565 1375 876 1474 peregrinantium,
891 1375 947 1450 die
961 1373 1100 1450 decimo
1117 1377 1192 1471 poll
1207 1377 1336 1451 Rama·
1409 1385 1412 1392 '

121 1472 211 1548 dani
234 1471 357 1545 menits
374 1469 517 1563 sellum,
543 1473 814 1572 quadragintain
835 1475 928 1548 abitu
943 1473 1147 1572 transigens,
1171 1479 1338 1566 totidem·

122 1595 197 1670 que
218 1568 251 1642 in
267 1569 389 1644 reditu.
439 1570 566 1646 Defert
584 1571 700 1645 secum
721 1572 757 1644 in
777 1571 940 1647 Cabirum
958 1573 1110 1668 Aegypti
1119 1570 1338 1666 vestemlllr⁴

123 1668 454 1744 bometisueterem
465 1673 672 1770 ,eujus-pars
686 1669 945 1767 Byzantiumad
962 1669 1208 1766 imperatorem
1219 1674 1338 1746 remit-

121 1768 214 1843 titur
235 1788 313 1840 cum
331 1766 546 1863 muneribus3
572 1791 707 1866 partem
723 1789 848 1864 prorex
865 1769 1017 1867 Aegypti
1042 1767 1159 1858 sumit,
1171 1786 1205 1841 at
1251 1769 1337 1843 ein·-

124 1885 186 1942 ter
200 1887 362 1961 proceres
380 1857 470 1940 urbis
486 1866 619 1942 diuidit.
670 1868 765 1941 Inter
786 1867 865 1940 alias
890 1886 1011 1940 autem
1025 1889 1180 1957 merces,
1262 1885 1338 1941 tex*

125 1965 240 2039 tilese
257 1963 347 2060 Xylo
368 1963 451 2038 serie
497 1989 540 2039 ue
555 1963 778 2040 subtiliffimos
794 1989 946 2062 pannos,
965 1965 1235 2062 Opobalsamtun
1252 1965 1339 2039 affe*

119 2081 210 2138 runt
225 2079 456 2152 mercatores,
512 2062 691 2160 alsamique
713 2061 860 2152 fruetus,
884 2062 1067 2138 duramus.
1093 2063 1245 2161 Simplici
1262 2087 1341 2138 om:-

127 2161 247 2249 nium,
272 2159 310 2234 δι
325 2157 492 2233 constanti
511 2159 690 2233 auerrione
707 2190 725 2250 ,·
743 2183 848 2256 aquo
878 2178 1037 2256 tempore
1061 2163 1207 2236 Selimus
1224 2162 1341 2257 lmpe·

121 2277 222 2334 rator
247 2258 283 2330 in
300 2260 463 2355 Aegypto
482 2275 583 2355 atque
609 2257 736 2331 Arabia
763 2279 884 2330 rerum
896 2257 1026 2353 potitus
1043 2255 1125 2351 est,
1150 2260 1240 2334 nullo
1268 2281 1340 2334 noa

121 2379 221 2432 anno
239 2353 366 2430 festiva
386 2377 434 2428 ea.
445 2354 738 2456 peregrinatione,
761 2375 837 2439 turn
863 2359 1127 2452 praepotenubus
1145 2359 1340 2432 'l'urcarum

127 2454 344 2544 monarchis,
370 2451 742 2552 eommqu'e'praefedtis
760 2453 1030 2549 Opobalsamum
1049 2459 1068 2530 l
1086 2455 1212 2530 Seriffo
1229 2476 1354 2529 trans--

127 2554 242 2643 mitti,
267 2575 340 2626 tum
361 2550 396 2626 in
422 2553 565 2644 blecca,
590 2550 629 2628 dr
645 2551 808 2641 Medina,
833 2553 853 2626 a
904 2555 981 2626 u'am
1000 2554 1153 2650 plurimis
1170 2574 1339 2650 emptum,

122 2651 171 2724 in
196 2651 382 2744 amplillrmi
401 2649 537 2746 imperii
558 2653 663 2725 urbes·
679 2649 866 2726 nobiliores
925 2649 1029 2727 seni:
1055 2675 1131 2748 quae
1147 2651 1232 2726 mihi
1266 2656 1341 2750 quia

133 2747 242 2834 dem,
266 2745 305 2819 dc
322 2765 488 2914 {autquot
503 2751 574 2847 j'am
595 2747 653 2821 diu
678 2747 810 2822 exadlis
828 2747 922 2822 annis
947 2749 983 2820 in
1010 2751 1137 2825 Cabiro
1163 2752 1339 2848 Aegyptio

124 2845 303 2940 degerunt
356 2843 490 2938 uropeis
510 2845 901 2922 hominibuscertiffima
923 2845 1007 2920 sunt.
1046 2846 1340 2922 R'amuliBalsami

125 2956 219 3047 'quus
247 2937 474 3037 umbrat
502 2967 634 3056 μή
654 2952 781 3050 lignum
801 2953 951 3044 Basami,
978 2953 1227 3051 adebquecum
1240 2956 1341 3030 Grae-

136 3055 184 3130 cis
199 3055 441 3148 ξυλοίάλσαμω
459 3057 647 3153 appellant,
672 3079 801 3135 teretes
815 3059 914 3153 sunt,
934 3059 972 3136 dt
989 3047 1093 3151 redii,
1118 3061 1249 3133 nodulis
1261 3057 1341 3134 inae-

134 3152 555 3254 qualitcrobfiti,extemo
566 3155 701 3232 corticis
714 3159 828 3234 colore
838 3157 1162 3247 subrubro,intemo
1173 3157 1341 3247 viridi,li‘-

132 3276 204 3426 gno
222 3249 445 3344 candicante,
459 3253 663 3347 medulloso,
682 3254 820 3330 suavem
830 3253 1055 3354 Opobalsami
1068 3258 1214 3333 odorem
1231 3256 1340 3332 artriti
1385 3329 1388 3336 ,

149 3347 299 3446 raclique
315 3349 513 3428 reddentes.
555 3351 725 3443 Quamvis
744 3353 846 3445 illius,
872 3355 954 3428 dum
977 3351 1035 3426 sub
1053 3355 1252 3427 inclementi
1272 3359 1341 3430 sole

121 3451 236 3546 'longo
256 3447 475 3524 advehuntur
491 3449 613 3524 itinere
633 3507 643 3541 ,
677 3451 822 3526 multum
842 3471 922 3525 ante
947 3449 1152 3542 resolvitur,
1176 3459 1276 3550 qulm
1304 3456 1341 3528 in

123 3549 334 3642 'Aegyptum
350 3547 470 3622 ramuli
489 3548 711 3644 perueniant:
736 3549 946 3646 plurimum,
978 3553 1158 3647 antequam
1176 3554 1210 3626 in
1230 3555 1342 3628 Euro-

124 3667 244 3740 pam:
289 3645 350 3718 uisr
385 3665 547 3720 recenter
592 3648 737 3742 empti,
778 3671 823 3721 ex
863 3645 1096 3722 Alexandrino
1143 3661 1244 3746 portu
1291 3652 1343 3724 se-

123 3739 361 3814 cundantibus
395 3744 509 3818 uentis
546 3741 644 3816 citius
674 3746 896 3821 adducantur.
943 3747 996 3820 Ar
1028 3745 1218 3838 frustibus,
1258 3773 1342 3844 quos

134 3831 360 3929 ul-wkr-ll
391 3867 527 3940 ῳ,
555 3853 680 3927 baccas
700 3851 868 3946 Balsami,
894 3853 1049 3952 adeoque
1074 3851 1347 3954 uapsacaucu'po

136 3969 333 4046 nuncupant
346 4007 356 4042 ,
366 3955 549 4130 fflaris
567 3955 617 4031 est
636 3957 871 4060 magnitudine
887 3963 996 4056 figura
1017 4014 1028 4049 ,
1054 3963 1236 4058 coloreque
1261 3984 1344 4040 cum

121 4045 353 4176 z'lerebintbi·
466 4059 527 4133 bus
550 4057 743 4141 fimilitudo.
793 4059 958 4158 Calyculo
982 4057 1170 4135 innituntur
1198 4059 1302 4153 exili,
1325 4065 1365 4155 a,

947 4156 1064 4254 ΘΗ
1288 4181 1357 4233 ro-
