3518 4596
422 381 493 454 ,ῃ
632 295 723 450 pn.
770 343 1084 429 vn‘snmnrr
1132 346 1253 429 ons,
1301 349 1360 429 nv
1403 347 1504 431 nm·

415 532 498 623 biit,
524 553 567 607 an
584 531 604 608 i
620 531 775 630 proxime
790 529 963 627 designata
979 528 1177 628 Agiahalid‚
1201 529 1275 607 haec
1299 532 1430 607 suboles
1455 527 1621 626 superstes

416 629 633 706 remanserit:
660 634 702 708 ab
721 629 778 702 illo
803 628 941 727 gigante
960 627 1034 703 hac
1049 627 1178 702 coalia
1199 629 1377 705 brevitatis
1387 628 1619 728 pumilionum

417 729 563 822 famlia,
613 723 789 824 rogeniom
804 727 923 800 datura
937 725 1156 800 vitiosiorem.
1206 725 1347 802 Revera
1363 747 1482 802 tamen
1498 726 1621 802 eximia

417 831 537 926 planta
609 879 620 915 ,
644 845 746 921 quam
767 821 946 922 proposrtae
965 825 1065 921 Vzeg
1079 825 1206 922 figura,
1233 823 1355 921 spinis,
1379 823 1509 917 mou,
1535 825 1623 898 flori-

418 929 499 1016 bus,
525 923 744 1020 radicumque
761 923 854 998 flexu
874 920 951 996 satit
973 921 1155 997 evidenter
1170 923 1340 1020 exprimit
1390 922 1489 1002 Folia
1508 941 1625 997 tamen

418 1023 512 1098 circa
529 1019 699 1118 spinarum
714 1018 807 1096 basin
831 1041 902 1094 non
919 1038 1081 1117 quaterna
1104 1035 1266 1116 tantum3
1300 1019 1360 1094 sed
1383 1021 1478 1118 plura
1502 1019 1627 1118 dispari

417 1116 654 1216 magnitudine
675 1115 887 1217 constuprnt
948 1116 1061 1192 Olivae
1085 1114 1177 1192 soliis
1190 1115 1349 1209 minora,
1373 1117 1552 1215 magisque
1574 1135 1627 1193 te-

414 1217 523 1294 nella:
548 1215 666 1290 necin
686 1238 833 1292 acumen
848 1209 1039 1312 angustum
1062 1211 1124 1288 sed
1141 1215 1331 1290 buxeorum
1344 1211 1447 1290 instar
1464 1213 1623 1292 rotunda

418 1315 537 1390 Floret
551 1333 589 1389 ut
604 1312 747 1409 minuti3
772 1313 820 1389 stc
834 1311 1004 1403 numerosi
1021 1309 1191 1403 exislrrnt3
1214 1334 1285 1388 non
1304 1311 1505 1404 ventricofi,
1530 1313 1628 1388 sedi

418 1410 648 1486 contradiore
671 1411 789 1488 tubulo
810 1409 932 1486 sensim
949 1409 1121 1508 ampliati,
1147 1410 1331 1486 amabilem
1354 1408 1391 1486 in
1413 1408 1517 1484 risum
1540 1409 1625 1484 hiul-

417 1509 592 1586 calabella
604 1507 780 1586 diducunt.
828 1507 949 1584 Sinum
963 1507 1123 1584 intimum
1140 1507 1313 1585 flavedine
1322 1507 1477 1618 tingunt,
1499 1529 1628 1606 purpu-

408 1609 487 1684 reis
509 1607 635 1704 aliquot
652 1603 785 1703 punctis
803 1603 935 1682 recessu
951 1603 1110 1680 foliorum
1125 1603 1276 1704 inscripti
1297 1635 1306 1681 :
1329 1607 1461 1704 reliquo
1477 1627 1625 1704 corpore

311 1779 314 1786 .
418 1705 459 1782 H
483 1703 611 1780 acinthi
628 1704 837 1818 fermginem
849 1702 947 1778 violis
959 1701 1190 1800 permiscent,
1214 1721 1358 1802 utroque
1373 1720 1491 1778 tamen
1511 1703 1630 1802 dapsili

475 1802 538 1878 'tus
553 1801 726 1902 graditur
741 1799 910 1898 exspiram
925 1803 1026 1899 longe
1045 1800 1224 1877 suaviores.
1273 1801 1331 1876 An
1352 1797 1470 1876 succus
1490 1824 1536 1878 err
1559 1803 1627 1876 hoc

417 1901 544 1980 frutice
561 1920 726 1997 paretur,
763 1898 865 1997 quem
890 1899 1041 1998 Lycium
1059 1897 1215 1974 lodicum
1239 1895 1448 1975 vetustiffimi
1470 1897 1625 1976 nudiores

417 2015 667 2198 lnam
683 1993 1625 2194 tanttlonintitulantur

419 2214 522 2294 atque
540 2191 728 2290 AEthiopiae
744 2191 827 2270 locis
844 2191 964 2270 hucin
984 2191 1112 2270 utribus
1136 2191 1276 2268 affertur
1299 2189 1525 2268 condensatus
1551 2191 1627 2266 suc·
1751 2257 1752 2262 t

420 2316 496 2385 cus,
524 2290 642 2366 saltem
660 2290 724 2365 ritd
742 2309 879 2388 paratim
893 2290 953 2383 fit,
978 2291 1080 2389 Lycii
1095 2289 1203 2366 ludici
1229 2289 1383 2365 indolem
1406 2289 1549 2368 minime
1564 2293 1627 2366 ob-

419 2390 523 2466 scuris
545 2387 646 2486 lignis
664 2387 816 2465 exhibet.
864 2387 958 2463 Eum
982 2389 1181 2463 venditores
1200 2389 1537 2486 eodan-appelant:
1564 2389 1629 2464 cir-

420 2511 464 2564 ca
477 2487 650 2562 libanum
670 2505 828 2562 montem
851 2489 894 2560 ab
913 2486 1037 2560 accolis
1054 2485 1168 2560 Zaroa
1183 2485 1395 2584 nuncupari,
1420 2485 1458 2564 dc
1476 2489 1496 2560 ὲ
1513 2483 1627 2561 Psalte

419 2581 535 2682 Regio
550 2585 587 2658 in
606 2583 705 2664 sacris
720 2583 808 2659 Odis
821 2581 986 2676 Hadhad,
1002 2583 1038 2657 in
1053 2581 1183 2664 itineris
1200 2583 1388 2660 Orientalit
1396 2582 1624 2681 descriptione

305 2739 313 2760 r
419 2679 598 2758 Rarolfiur
640 2681 786 2772 rodidit,
809 2681 964 2780 quamvis
982 2679 1021 2758 ἃ
1034 2681 1167 2758 Arabes
1183 2704 1312 2758 nomen
1328 2681 1526 2778 usurparint
1551 2685 1627 2760 ca-

420 2779 534 2854 terdm
557 2707 762 2854 hodiemum
780 2780 870 2856 Cate
885 2779 1071 2868 Indicum,
1096 2779 1187 2876 quod
1208 2779 1356 2878 Lycium
1375 2799 1536 2856 veterum
1555 2779 1629 2858 exi·

419 2873 582 2954 stimabtt
600 2876 762 2968 Gar-rias,
809 2876 943 2950 uarnvir
962 2875 1090 2952 viribus
1109 2875 1294 2972 aemulum3
1327 2896 1403 2952 ortu
1434 2896 1558 2953 tamen
1578 2879 1629 2953 di·

420 2972 576 3064 versum,
587 2993 720 3066 nec‚ut
735 2900 883 3072 priscum
895 2972 985 3064 illud,
1000 2996 1079 3048 com
1128 2974 1248 3048 sitione
1265 2971 1502 3051 sincerumeli.
1533 2977 1629 3051 Nam

398 3096 468 3147 ex
487 3069 626 3146 Hachic
654 3071 952 3152 arboriscontusrs
977 3069 1045 3146 dec
1102 3072 1196 3169 'sque
1221 3073 1324 3147 ramis
1347 3072 1520 3173 (quotum
1544 3072 1629 3148 folia

421 3169 534 3245 Erice
552 3170 609 3244 vel
626 3167 815 3244 Tamarisci
828 3168 978 3264 speciem
995 3167 1215 3266 praseserunt
1232 3171 1341 3343 ptum
1361 3171 1503 3267 pulvere
1525 3171 1626 3246 semi-

420 3291 509 3360 num
523 3266 703 3359 Machani,
729 3267 768 3344 &
789 3266 922 3342 alterids
948 3267 1057 3366 ignoti
1075 3267 1156 3365 ligni
1174 3266 1232 3343 sco
1256 3291 1278 3344 e
1303 3268 1549 3364 compositum,
1575 3287 1625 3342 at-

420 3364 543 3535 pprpisu
569 3363 772 3466 pallilonm
790 3365 938 3448 formam
963 3363 1157 3458 redactum,
1182 3366 1282 3445 variis
1307 3367 1343 3444 in
1372 3364 1456 3476 locis
1481 3365 1626 3447 divendi

485 3481 559 3558 prr.
