3456 4590
248 293 1156 385 nnrrsnrrsmorrrr
1258 305 1309 408 η

15 499 16 506 '
114 479 223 562 soient.
246 483 303 560 Ad
320 485 497 559 oculorum
515 485 623 573 verb,
646 481 852 580 aliarumque
867 476 1015 577 partium
1033 479 1160 554 calidas
1174 480 1310 557 inflans

113 583 272 660 motiones
293 584 398 681 pulpa
424 581 564 657 contusa
586 603 849 654 cucumerorum
865 576 944 653 raeti
961 575 1061 652 mista
1077 599 1225 655 utuntur.
1259 579 1310 654 Et

112 684 155 756 ad
174 680 337 758 sedandos
359 679 565 780 podagricos
585 680 721 755 dolores
741 675 874 753 beausa
893 675 1005 751 calida
1017 677 1314 768 concitatossuea

15 825 16 830 =
113 804 187 854 cum
210 779 295 854 laste
321 779 467 880 oleoque
491 777 632 852 rosaceo
655 771 811 866 mistum,
836 789 950 872 patres
968 776 1144 868 liniendo,
1168 777 1311 876 sequun-

111 897 171 956 tur.
196 878 398 954 Stillatitiam
419 901 539 976 aquam
563 877 607 950 ad
624 875 744 950 libram
763 875 806 949 ad
823 873 951 972 jecoris
972 873 1182 949 caliditatem
1207 874 1311 948 corri-

15 969 16 994 ³
111 975 251 1076 gendum
268 975 307 1052 δι
329 977 373 1050 sd
387 975 553 1052 sanandos
572 992 672 1050 renes
687 973 1026 1063 uim-inflammatos,
1051 974 1124 1046 ttim
1139 976 1160 1047 ir
1176 973 1318 1046 calculis·

109 1094 246 1150 vernos
261 1074 376 1154 multis
398 1074 518 1150 diebus
535 1093 679 1172 aegrotos
696 1071 816 1146 bibere
839 1071 1039 1159 consulunt,
1065 1071 1184 1167 quibus
1203 1071 1311 1168 ipsam

15 1185 16 1200 ¹
109 1169 183 1246 satis
200 1173 238 1248 iis
255 1170 415 1248 conferre
432 1167 645 1274 experientia
667 1189 884 1266 compertum
906 1157 966 1243 esi.
1016 1167 1093 1242 sunt
1111 1168 1208 1266 sliqui
1221 1203 1239 1261 ‚·
1254 1168 1312 1266 qui

109 1269 150 1343 ad
164 1269 238 1345 haec
255 1270 382 1345 eadem
406 1271 495 1344 maia
517 1292 604 1366 aqua
619 1265 778 1342 stillatitia
798 1265 876 1340 laeti
894 1265 1085 1339 eorundem
1109 1291 1312 1341 cucumero-

109 1391 181 1442 rom
199 1366 364 1442 seminum
385 1364 505 1458 mista,
528 1367 578 1448 uti
594 1365 712 1440 solent.
733 1389 778 1440 ex
800 1364 1123 1438 melonibusetism
1145 1367 1311 1462 quosdam

109 1465 343 1542 &nostratibus
367 1467 466 1562 plane
493 1463 643 1546 diversos
659 1461 824 1562 AEgyptii
849 1463 994 1552 habent,
1027 1487 1110 1560 quos
1132 1465 1314 1539 Abdellavi

15 1631 16 1646 ,
110 1585 256 1654 vocant,
281 1565 324 1637 ad
341 1563 572 1638 differentiam
589 1563 748 1650 aliorum,
765 1586 849 1677 quos
863 1560 968 1634 etiam
983 1559 1109 1659 Chajar
1122 1561 1312 1639 nominant.

109 1685 246 1759 quorum
270 1661 345 1735 usus
364 1661 407 1735 sd
425 1661 539 1736 cibum
561 1661 651 1734 haud
671 1661 814 1734 multum
827 1659 996 1830 prcundus
1014 1659 1220 1758 percipitur,
1247 1687 1315 1754 eaeq
1467 1737 1471 1743 ,

110 1758 249 1859 terisque
277 1758 434 1834 omnibus
464 1759 675 1855 infipidiores
701 1773 742 1832 ac
768 1757 913 1842 moliori
945 1759 1046 1854 pulpa
1078 1757 1312 1840 observantur.

110 1853 249 1932 Habent
267 1876 384 1930 tamen
408 1855 552 1948 semina,
576 1882 650 1955 quae
673 1855 745 1947 asiis
766 1855 923 1942 omnibus
948 1857 1048 1953 longe
1064 1855 1173 1953 magis
1193 1857 1237 1930 ad
1257 1881 1314 1930 re-

110 1949 336 2054 frigerandunr
355 1953 510 2052 prestare
526 1974 669 2052 putant..
707 1943 790 2047 Q'ua
807 1954 853 2028 de
874 1975 932 2045 re,
956 1977 1076 2028 omnes
1095 1954 1225 2048 euplus
1242 1951 1314 2030 aliis

111 2049 143 2124 in
159 2053 216 2127 usu
235 2053 460 2224 sreprentiori
477 2054 628 2144 habent,
654 2051 795 2126 aliorum
811 2051 985 2126 melonum
1001 2052 1130 2126 semina
1145 2053 1243 2148 parvi
1262 2051 1314 2124 sa·
1399 2078 1404 2104 1

113 2151 246 2226 cientes.
328 2152 418 2251 santa
440 2149 642 2226 nositatibus
669 2173 739 2223 non
764 2151 910 2224 multum
935 2149 1082 2240 differt,
1107 2149 1313 2230 sedsrubius

110 2243 173 2322 fert
194 2250 387 2348 oblongos,
422 2267 540 2324 acutos
557 2305 572 2338 ,Δ
593 2267 749 2322 extrema
766 2303 782 2339 ,-
802 2247 840 2323 δι
860 2247 1017 2322 medium
1038 2248 1137 2323 vaide
1170 2248 1314 2322 crassum

102 2343 271 2423 babentes
291 2403 302 2436 ,
329 2347 493 2422 ssahobab
518 2371 626 2444 nuper
649 2345 789 2420 namatis
813 2344 976 2421 srussibus
999 2347 1185 2442 proximos.
1236 2346 1313 2420 Ha-

111 2441 189 2518 bent
204 2445 309 2519 etiarn
329 2444 496 2544 Augurias
517 2441 754 2521 *anostratibus
773 2467 842 2518 non
865 2443 925 2518 nisi
946 2445 1180 2542 magnitudine
1199 2445 1316 2541 quoad
1455 2491 1457 2498 .

113 2539 276 2636 aspesium
298 2541 522 2619 differentes:
547 2539 667 2618 nostris
682 2539 820 2640 quidem
837 2543 1012 2640 majores,
1038 2542 1168 2616 cortice
1191 2543 1313 2618 flavio·
1446 2586 1448 2592 ·
1562 2586 1566 2594 x

112 2659 168 2728 re,
192 2667 263 2740 quae
293 2640 382 2717 intus
407 2639 536 2728 semina
560 2641 719 2731 tantum,
743 2637 781 2714 dr
807 2639 928 2738 squam
955 2640 1175 2718 dulcissimam
1202 2643 1314 2716 conti·

113 2756 198 2814 nent.
213 2741 332 2832 Quam
343 2741 386 2814 ad
394 2738 481 2814 sitim
492 2739 688 2828 arcendam,
699 2740 915 2836 caloremque
925 2737 1067 2814 mustum
1077 2738 1111 2813 iri
1121 2736 1313 2832 stomacho,

112 2835 164 2910 vel
174 2833 300 2934 hepate
317 2841 373 2911 vel
389 2837 526 2912 renibus
543 2837 783 2936 corrigendum
798 2837 918 2936 largiris
935 2855 1090 2936 epotant.
1123 2841 1180 2912 Ad
1198 2837 1312 2914 febres
1378 2865 1382 2872 ·

114 2951 177 3006 non
198 2935 310 3010 minus
331 2937 512 3027 ardentes,
541 2935 579 3012 δι
596 2937 780 3026 tertianas,
806 2935 882 3010 usus
899 2935 1023 3010 illiusce
1048 2936 1313 3034 aque-summo-

114 3031 189 3122 pert
201 3033 374 3124 inridetur,
399 3032 509 3132 atque
521 3037 566 3108 ab
580 3033 633 3107 his
651 3032 703 3108 fre
729 3053 897 3109 uertatur.
922 3037 1008 3110 Sunt
1023 3034 1081 3131 qui
1098 3031 1312 3112 distillatione

116 3147 227 3224 aquam
241 3131 435 3207 tenuiorem
445 3132 490 3206 ad
501 3061 906 3223 siticulosus,iiomacbos
924 3130 1077 3222 biliosus,
1092 3131 1135 3208 ad
1146 3135 1313 3231 jeeur're-

113 3225 230 3324 resque
254 3229 402 3320 oaiidos,
435 3217 854 3323 dismembrentur,
888 3230 1037 3306 eliciunt.
1090 3253 1192 3342 piram
1207 3237 1312 3307 vc'ertb
1460 3229 1494 3276 Ὗ

116 3316 258 3402 iimultae
277 3327 428 3402 utilitatis
450 3324 519 3401 effe
535 3329 765 3425 experiuntur.
813 3330 937 3402 Turcae
962 3328 1141 3426 AEgypni,
1165 3323 1312 3405 Arabes·

115 3440 174 3511 que
201 3423 413 3500 lasciviorem
435 3424 543 3500 vitam
562 3445 723 3524 agentes,
756 3451 820 3522 per
845 3422 966 3498 :stads
985 3425 1134 3500 summos
1160 3427 1312 3518 calores,

116 3509 224 3595 harum
255 3521 468 3621 auguriorum
493 3545 616 3621 aquam
643 3524 680 3598 in
708 3522 1059 3620 potuflfreqoentant,
1087 3525 1186 3622 eique
1211 3527 1313 3601 uiui

115 3616 280 3696 modicum
304 3643 398 3718 aque
419 3619 585 3712 rosacea,
610 3621 760 3712 moschi,
787 3640 888 3733 atque
907 3625 1032 3698 ambra
1049 3621 1203 3698 miscent.
1243 3549 1311 3698 liis

116 3709 269 3792 Adversas
285 3718 455 3794 honorare
469 3717 679 3794 consuetudo
695 3719 870 3818 AEgyptris
889 3718 959 3810 est,
984 3743 1043 3795 eas
1060 3720 1187 3794 scilicet
1203 3721 1315 3798 eden·
1467 3731 1470 3738 '

117 3803 168 3880 das
183 3815 391 3894 obserentes.
418 3819 496 3892 lllas
510 3842 574 3914 per
582 3817 865 3916 annuminpaleis
874 3817 1083 3915 incorruptas
1092 3817 1310 3896 conservant:

119 3901 351 4015 aliquandoque
368 3915 415 3994 stc
435 3916 689 4019 carioriptetio
711 3917 762 4002 ibi
777 3917 822 3996 ad
837 3936 983 4017 aegrotos
1011 3917 1232 4006 venduntur,
1274 3937 1312 3991 ut
1441 3955 1445 3964 ·
1573 3897 1577 3904 ’

1204 4035 1315 4089 11118111
