3544 4592
281 399 283 406 ,
408 405 451 476 4
639 379 1463 490 rnosunnrauarurt

412 573 516 655 taque
535 553 717 634 substantia
737 554 827 632 intus
841 556 968 652 plena,
993 584 1038 636 ex
1054 585 1122 659 quo
1148 561 1200 636 hae
1228 567 1361 641 ceteris
1379 555 1536 656 omnibus
1559 583 1635 656 bo„

352 752 355 760 ·
412 653 792 832 'ells‘tllle‘llll
819 656 1404 838 blrblllllltlld
1420 671 1488 765 ⁶st’
1512 677 1622 848 qpr.

253 863 261 877 '
413 873 564 966 uocant,
589 815 739 964 &colore
754 814 870 966 illuscc
888 784 1246 950 gentiaqcernunrur:
1271 886 1344 958 quat
1372 785 1634 954 finiuiirrniffiff

410 950 621 1047 opumat,&
636 952 707 1029 alra
732 975 847 1050 nigrat.
874 953 983 1045 Quod
1001 954 1046 1028 de
1062 956 1168 1030 caffiis
1190 959 1291 1054 aliqui
1307 961 1446 1051 dixere,
1471 972 1623 1060 optimas

410 1073 542 1124 cannas
563 1050 726 1134 manibus
749 1049 924 1124 concussas
938 1051 1058 1128 sonum
1076 1075 1148 1129 non
1164 1056 1291 1146 cdere,
1313 1057 1362 1134 ibi
1385 1062 1486 1154 plani
1504 1063 1635 1145 fulsum·

411 1146 630 1239 observatur,
642 1148 924 1247 quandoquidem
933 1174 1056 1228 omnes
1071 1173 1231 1246 receptes
1246 1175 1350 1232 mota
1370 1157 1490 1234 sonum
1506 1163 1635 1260 edant,

413 1268 515 1346 atque
535 1249 644 1322 etiarn
662 1249 698 1322 in
717 1248 893 1324 arboribus
919 1265 1045 1326 cannas
1081 1256 1101 1327 “a
1130 1253 1253 1328 ventis
1273 1275 1408 1346 motas,
1439 1257 1633 1342 seminibus

411 1344 503 1422 intus
525 1346 658 1437 motis,
671 1347 817 1420 multum
834 1345 954 1423 sonum
969 1349 1076 1425 edere
1091 1351 1245 1449 quotidie
1263 1355 1370 1452 propi
1391 1377 1450 1429 eas
1466 1357 1635 1438 habitans

412 1464 466 1520 tes
473 1499 485 1537 ,
501 1443 668 1532 audiant..
711 1445 821 1538 Quod
846 1446 953 1522 etiam
976 1449 1092 1524 dulces
1115 1449 1397 1548 filique-faciunt
1429 1456 1520 1547 Quae
1535 1460 1634 1536 verb:

411 1567 458 1620 ex
478 1545 585 1620 caffiir
607 1566 679 1618 non
694 1542 835 1632 sonant,
860 1548 911 1620 ab·
929 1545 1106 1644 AEgyptiis
1121 1549 1386 1645 vituperantur,
1408 1554 1635 1648 opinantibus.

410 1642 447 1717 id
466 1644 512 1718 ob
532 1665 685 1742 aqueam
696 1642 938 1719 humiditatem
954 1643 1046 1718 intus
1058 1644 1257 1736 calcetam,
1281 1647 1402 1722 vitiata
1417 1651 1519 1748 pulpa
1532 1657 1632 1730 acci·-

412 1741 507 1816 dere.
556 1743 681 1840 Neque
706 1741 898 1816 immatura
930 1741 1130 1840 colliguntur
1141 1799 1157 1834 ,.
1176 1763 1224 1818 ut.
1240 1742 1341 1844 aliqui
1360 1746 1524 1825 referunt.
1575 1751 1632 1828 E·-

282 1891 286 1900 ·
409 1860 550 1918 uruntur
565 1845 660 1915 vero.
671 1839 877 1937 sapesaepiirs
900 1843 943 1914 ab
960 1841 1104 1916 advenis
1118 1845 1372 1920 mercatoribus·
1390 1843 1623 1924 senio-confe-

411 1939 474 2018 era
497 1995 519 2030 ,‚
549 1937 765 2038 contingens
782 1938 884 2034 copia
904 1936 989 2036 sapi
1008 1937 1044 2014 in
1061 1937 1189 2014 aedibus
1210 1941 1255 2015 ad
1271 1965 1351 2016 earn
1379 1968 1456 2018 rem
1478 1946 1631 2043 paratis,
1711 1969 1715 1978 ·

411 2061 519 2114 annos
535 2035 579 2111 ad
598 2060 703 2135 usque
721 2035 945 2135 quadraginta
962 2035 1175 2112 adservetur.
1219 2036 1390 2116 coletur
1403 2042 1498 2117 enim
1517 2068 1629 2119 exar-

410 2139 496 2212 bore
514 2133 679 2212 continuo
696 2134 732 2212 in
750 2153 943 2232 opportuna
961 2136 1038 2211 loca
1053 2135 1100 2212 src
1125 2135 1150 2210 ii
1172 2137 1350 2231 claudunt,
1376 2159 1412 2214 ut
1435 2142 1540 2215 nullus
1566 2154 1633 2216 aer*

411 2234 638 2334 ingrediatur,
662 2257 743 2311 cum
768 2257 814 2309 err
828 2233 976 2310 minimo
994 2233 1079 2311 aeris
1095 2233 1257 2310 contadlu
1268 2239 1385 2324 rcalfiae
1402 2262 1632 2336 corrumpam·

247 2377 250 2384 ι
284 2335 287 2342 “
411 2353 476 2408 tur.
525 2329 689 2430 Hincque
703 2331 875 2429 saepiffimd
893 2333 937 2408 ad
955 2355 1020 2410 nos
1037 2329 1208 2408 vetustate
1234 2336 1364 2410 uitiatae
1389 2358 1432 2411 ac
1454 2336 1561 2412 ctiam
1586 2362 1631 2412 a·-

411 2431 498 2507 cidae
526 2429 618 2504 mitti
643 2430 773 2528 solent,
792 2454 895 2529 quam
931 2434 978 2508 ob
1010 2455 1085 2506 rem
1201 2450 1254 2506 tos
1275 2430 1345 2507 effe
1369 2433 1476 2508 velim
1499 2457 1631 2509 omnes·

409 2529 715 2628 pharmacopolas,
739 2551 781 2606 ac
798 2530 976 2620 medicos,
1000 2551 1045 2606 ne
1064 2526 1142 2626 post
1184 2553 1225 2604 ac
1246 2527 1280 2604 se
1298 2531 1413 2627 decipi
1430 2530 1557 2623 sinant,
1582 2531 1621 2608 δι

266 2630 268 2634 ’
410 2628 548 2724 semper
565 2650 613 2700 ex
630 2630 693 2703 illis
711 2628 851 2726 seligant
867 2647 1048 2719 recentes,
1081 2651 1221 2726 quarum
1248 2625 1432 2705 substantia
1453 2627 1621 2712 subdulcia

410 2726 488 2819 est',
506 2723 729 2822 antiquasque
746 2725 907 2818 acidum,
931 2726 1177 2824 ponticumque
1198 2724 1356 2823 saporem
1378 2727 1546 2825 sapientes
1569 2726 1632 2802 ef-·

409 2825 561 2923 fugiant,
602 2821 764 2921 AEgyptii
786 2823 892 2898 caliiis
910 2845 981 2895 non
1010 2843 1147 2898 utuntur
1167 2825 1391 2922 recentibus,¹
1415 2824 1486 2900 scd·
1502 2823 1631 2900 saltem

408 2919 487 3026 post
500 2917 847 3020 quantummensem:
882 2919 1158 3018 quandoquidem
1177 2919 1359 3019 juniores,
1392 2921 1623 2998 recentiores

410 3047 476 3124 que
497 3019 632 3096 inutiles
647 3021 794 3132 neque‘a
812 3041 903 3094 noxa
921 3019 1091 3094 immunes
1107 3017 1339 3094 observantur.
1389 3018 1544 3096 Utuntur
1558 3045 1631 3096 ve·-

409 3147 471 3210 10,
496 3139 597 3218 atque
618 3115 721 3206 noſtrr
739 3141 874 3216 quoque
893 3116 1045 3209 faciunt,
1070 3114 1253 3192 fistularum
1279 3118 1381 3214 pulpa
1393 3117 1463 3192 vel
1475 3118 1511 3193 in
1526 3119 1622 3210 bolis,

409 3222 467 3298 uel
488 3221 524 3293 in
541 3217 705 3315 potione,
728 3235 857 3312 parata.
906 3214 970 3292 Est
996 3215 1069 3292 brec
1096 3215 1197 3314 pulpa
1225 3215 1339 3315 quoad
1362 3217 1513 3290 calorem
1530 3237 1630 3293 tern-v

410 3337 550 3419 perata,
576 3335 677 3414 atque
701 3314 843 3390 humida
863 3313 961 3410 supra
986 3314 1136 3412 primurn
1160 3319 1330 3426 gradum,
1363 3314 1552 3412 bilemque,
1578 3339 1631 3390 ac·

412 3418 519 3492 etiam
536 3413 696 3511 pituitam
713 3416 732 3489 it
749 3411 945 3504 stomacho,
971 3433 1073 3512 atque
1092 3435 1190 3488 verus
1206 3411 1402 3490 mesenterii
1418 3413 1555 3502 educit,
1579 3412 1630 3488 ἃ.

410 3514 610 3628 sangrnnem
639 3512 839 3596 calidiorem
862 3531 1129 3608 contemperat,
1163 3529 1277 3610 atque·
1293 3513 1466 3609 puriorem
1493 3510 1619 3586 reddit.

411 3612 562 3690 Abrffina
575 3630 701 3686 vocata
718 3611 853 3686 cortesis
868 3611 905 3686 in
925 3613 1011 3685 urbe
1040 3609 1134 3686 Cairi
1148 3609 1327 3706 praefettur
1344 3609 1388 3684 ad
1410 3612 1550 3684 morbos
1568 3607 1630 3682 bi..

410 3711 528 3800 liosos,
553 3733 595 3785 ac
611 3709 902 3798 melancholicos,
926 3708 1163 3806 precipueque
1185 3706 1221 3784 in
1245 3706 1423 3784 affediibus
1453 3704 1630 3803 pectoris,

412 3815 431 3888 ir
448 3806 663 3886 distillatione
685 3828 863 3883 acutorum
882 3807 1064 3882 humorum
1083 3806 1288 3896 concitatis,
1303 3810 1422 3918 quibus
1438 3804 1525 3878 mire
1544 3803 1620 3880 sub-

412 3909 519 4002 venit.
569 3909 678 4004 Pulpa
693 3907 759 3981 bac
776 3929 856 3980 cum
872 3904 1034 3982 saccharo
1050 3906 1223 3998 candido,
1246 3905 1285 3982 dr
1303 3903 1460 4002 bquiritia
1485 3927 1550 4016 pro
1568 3902 1621 3977 se-

413 4029 510 4090 creto
524 4009 574 4088 uti
592 4007 700 4086 solent
718 4007 762 4086 ad
779 4029 928 4102 renum,
952 4004 1142 4104 vesrccquc
1159 4004 1266 4084 vitiu:
1290 4025 1413 4084 renum
1437 4025 1532 4081 curm
1557 4025 1631 4112 ex·-

1557 4118 1628 4172 un.
